4034 5275
792 477 912 559 Liber
923 477 991 556 ΙΙ.
1007 475 1156 554 Titulus
1170 473 1265 552 w
1269 471 1317 552 1.*
1568 475 1641 577 167

350 602 532 663 causatu
566 581 837 672 alienationis,
862 596 941 657 tum
961 585 1083 680 ipsam
1107 580 1299 657 alienandi
1329 578 1517 653 rationem
1537 578 1666 656 discu-

370 691 481 778 tiat,
505 710 597 763 num
627 689 777 763 scilicet
808 687 929 783 magis
946 684 1129 760 Ecclesia
1162 684 1283 780 prosit
1310 706 1369 756 res
1405 679 1567 755 mobiles
1593 684 1691 758 dis-t

358 795 557 880 nabere,
577 813 691 888 quam
709 787 954 877 immobiles,
975 791 1049 862 hoc
1069 788 1192 884 potius
1208 786 1414 884 praedium,
1431 807 1544 881 quam
1563 785 1667 860 illud:

369 895 552 969 vendere
574 895 734 988 potius,
759 914 879 989 ¹quarn
906 907 1153 986 permutare,
1186 890 1334 985 aliaque
1361 888 1589 980 hujusmodi:
1605 891 1670 962 de·

374 1017 490 1070 mum
510 994 717 1070 Canonicis
736 993 775 1066 in
799 995 961 1069 eandem
987 994 1216 1067 sententiam
1250 987 1565 1064 convenientibus
1592 994 1670 1064 lnt-
1736 1019 1738 1024 ·

369 1111 616 1172 trumentum
634 1098 914 1172 conficiendum
932 1111 1017 1185 est,
1046 1118 1121 1192 quo
1135 1094 1525 1190 diserte‘exprimatur
1540 1091 1671 1167 Cano-

367 1199 488 1275 nicos
517 1217 602 1296 post
619 1200 805 1296 longum,
835 1213 873 1272 et
904 1198 1128 1296 diligentem
1147 1210 1351 1272 tractatum
1380 1196 1670 1286 decrevisse,ut

375 1302 583 1391 boc,-v·el
614 1302 708 1374 illud
741 1304 925 1396 praedium
962 1305 1177 1389 vendatur,
1215 1313 1476 1396 permutetur,
1508 1301 1572 1371 vel
1596 1299 1672 1374 alia

375 1426 606 1502 quacunque
629 1405 775 1476 ratione
806 1405 1022 1494 alienetur,
1047 1404 1262 1498 judicantes
1290 1402 1505 1494 hujusmodi
1527 1402 1674 1476 aliena·

384 1506 532 1588 tionem
549 1505 731 1580 Ecclesiae
746 1510 976 1580 conducere.
1512 1565 1513 1568 κ

435 1606 538 1682 XlV.
565 1611 759 1683 Hactenus
786 1610 890 1683 dicta
924 1611 973 1681 de
995 1607 1226 1683 alienatione
1259 1603 1447 1681 bonorum
1470 1604 1676 1704 intelligas,

368 1732 466 1806 qua
497 1733 696 1802 mensam,
727 1729 766 1785 ut
786 1726 952 1800 vocant,
985 1709 1284 1806 Episcopaletn,
1318 1711 1380 1784 vel
1396 1710 1592 1805 Capituli,
1608 1725 1674 1784 aut

378 1811 608 1910 collegiata
640 1816 783 1894 reditus
814 1813 1061 1888 constituunt.
1082 1813 1160 1888 Ubi
1194 1814 1297 1888 euim
1319 1824 1458 1910 agatur
1485 1813 1533 1885 de
1565 1810 1675 1887 bonis

381 1910 568 1989 Ecclesiae
599 1915 857 2005 parochialis,
884 1935 950 1990 aut
976 1940 1058 2013 quae
1077 1913 1327 2012 Capitulum,
1358 1915 1423 1989 vel
1457 1914 1676 2011 Collegium

382 2036 461 2091 nou
490 2017 608 2092 habet
625 2073 637 2107 ,
656 2018 747 2093 satis
775 2021 878 2106 erit,
898 2035 939 2092 nt
956 2017 1168 2113 Episcopus
1185 2041 1298 2093 causa
1322 2018 1489 2091 discussa
1513 2040 1678 2089 consen·

384 2125 466 2192 sum
492 2137 645 2215 praestet
662 2145 690 2210 3-
706 2135 754 2194 at.
777 2142 852 2192 non
884 2122 986 2195 idem
1005 2120 1188 2212 judicium
1218 2137 1298 2193 esto
1327 2120 1376 2193 de
1394 2118 1594 2205 Ecclesiis,
1613 2120 1677 2194 vel

385 2219 629 2297 Monasteriis
651 2222 700 2296 ab
718 2223 940 2320 Episcopaii
958 2236 1145 2318 potestate
1166 2221 1343 2296 exemtis.
1364 2221 1420 2296 Ea
1438 2220 1591 2295 enimsi
1608 2221 1678 2294 Se-

386 2322 425 2395 di
441 2325 672 2420 Apostolicae
708 2343 819 2400 erunt
851 2341 956 2409 aptans
984 2325 1189 2402 immediate
1228 2323 1430 2418 subjecta,
1464 2339 1555 2397 tunc
1585 2346 1676 2400 sane

386 2422 433 2497 R.
452 2425 644 2502 Pontificis
675 2451 881 2504 consensus
913 2428 1144 2524 requiritur,
1172 2442 1211 2502 et
1241 2428 1394 2525 quidem
1427 2426 1622 2522 specialis,
1640 2443 1679 2502 et

387 2546 611 2623 expressus:
641 2526 841 2603 Rebusfius
875 2534 912 2602 in
936 2529 1057 2622 Comp.
1087 2530 1198 2604 alien.
1231 2553 1350 2605 rerum
1370 2529 1516 2603 Eccles.
1548 2557 1581 2600 a.
1615 2529 1677 2602 86.

333 2644 357 2682 Χ
387 2628 500 2720 Quod
533 2633 566 2706 si
595 2633 645 2707 ad
662 2632 905 2721 Monachus,
934 2630 1173 2728 Regulares,
1206 2631 1350 2705 aliosve
1367 2630 1547 2704 Praelatos
1578 2654 1681 2726 spec·

388 2731 542 2825 tabunt,
573 2749 663 2809 tunc
696 2736 851 2832 quidem
874 2734 1055 2809 alienatio
1088 2734 1170 2809 fieri
1198 2729 1323 2829 potest
1355 2727 1581 2807 auctoritate
1599 2736 1680 2807 Mi·

386 2836 494 2910 nistri
514 2837 761 2912 provincialis
779 2892 791 2928 ,
821 2838 886 2912 vel
906 2834 1135 2927 Generalis,
1165 2837 1370 2910 alteriusve
1387 2835 1539 2910 Praelati
1565 2838 1681 2929 juris·

386 2936 595 3015 'dictionem
612 2939 997 3037 quasiEpiscopalem
1020 2938 1216 3033 habentis,
1237 2960 1326 3016 cum
1346 2954 1511 3016 tractatu
1532 2954 1678 3033 tamen,

385 3053 424 3113 et
443 3042 702 3116 sollemnitate
721 3065 842 3137 nuper
858 3042 1058 3138 expressis.

389 3183 396 3196 ·
436 3142 520 3217 XV.
550 3145 714 3220 Demum
750 3168 869 3240 pauca
902 3147 966 3219 hic
997 3158 1153 3241 praestat
1183 3144 1407 3221 subnectere
1444 3146 1491 3221 de
1530 3144 1677 3224 celebri

385 3240 580 3321 Decretali
603 3246 890 3345 Extravagante
905 3247 1165 3335 -Ambitiosae,
1196 3273 1308 3345 quam
1333 3249 1469 3322 Paulus
1487 3251 1520 3321 ll
1555 3249 1679 3326 edidit

384 3350 578 3443 an.1468.
613 3350 656 3420 ln
680 3370 724 3423 ea
752 3350 918 3445 primum
944 3371 1078 3423 omnes
1108 3349 1253 3445 priores
1284 3372 1479 3441 canones,
1510 3350 1680 3446 decreta,

383 3461 422 3518 et
447 3450 735 3525 constitutiones
760 3454 808 3526 ad
841 3472 954 3539 rem,
985 3452 1033 3525 de
1055 3474 1128 3549 qua
1153 3452 1330 3549 agimus,
1360 3466 1575 3547 spectantes
1594 3453 1680 3529 cun·

344 3627 346 3632 ,
382 3546 582 3643 firmavit?
603 3558 686 3637 ¹tum
704 3555 795 3651 quid
813 3554 968 3628 nomine
983 3554 1222 3629 alienationis
1245 3555 1535 3653 intelligendum
1556 3546 1680 3652 expli*-

381 3653 509 3745 cavit,
537 3654 683 3728 scilicet
716 3678 831 3729 omne
858 3674 1042 3751 pactum,
1073 3680 1140 3753 per
1170 3661 1271 3754 quod
1305 3658 1517 3731 dominium
1549 3674 1678 3733 trans·

378 3750 526 3842 fertur,
553 3755 864 3842 concessionem,
889 3761 1123 3852 hypotecam
1140 3815 1153 3849 ,
1178 3760 1435 3850 locationem,
1452 3776 1490 3832 et
1508 3765 1680 3837 conduc-

379 3854 656 3944 tionem'ultra¹
676 3857 913 3947 triennium,
942 3880 1090 3933 necnon
1125 3862 1456 3954 infeudationetn,
1488 3862 1550 3934 vel
1581 3886 1679 3937 con-

379 3958 541 4033 tractum
570 3961 917 4055 emphiteuticum‚
952 3979 1203 4062 praeterquam
1225 3965 1261 4037 in
1280 3961 1429 4037 casibus
1447 3964 1566 4055 aijure
1586 3990 1678 4061 per·

377 4060 529 4148 missis,
563 4085 608 4135 ac
631 4060 840 4152 derebus,
871 4062 1044 4137 ethonis
1069 4065 1106 4137 in
1129 4067 1398 4162 emphiteusim
1426 4068 1589 4142 concedi
1615 4096 1679 4145 so·

377 4158 453 4235 litis
485 4187 532 4239 ex
546 4163 805 4239 Ecclesiarum
839 4165 1009 4239 evidenti
1030 4166 1234 4253 utilitate,
1264 4192 1309 4241 ac
1331 4169 1378 4243 de
1404 4169 1616 4261 fructibus,
1639 4192 1678 4252 et

377 4256 516 4356 bonis,
543 4289 626 4363 quae
657 4268 846 4341 servando
877 4270 1023 4342 servari
1050 4294 1125 4344 non
1149 4287 1317 4366 possunt·
1348 4273 1493 4347 Adhaec
1524 4274 1677 4351 sollem-

377 4366 488 4442 nitati
513 4369 617 4463 pnius
647 4371 837 4467 requisitae¹
866 4392 1093 4446 consensum
1109 4372 1214 4447 Sedis
1228 4374 1470 4467 Apostolicaev
1489 4377 1677 4473 adjunxit,

375 4487 444 4563 per
471 4471 576 4570 quod
597 4487 733 4549 tamen
753 4470 906 4551 Canoui
920 4469 1101 4555 Terrular
1126 4497 1204 4568 uon
1228 4496 1312 4569 esre
1340 4478 1569 4581 derogatum
1607 4484 1677 4556 de-

849 4590 851 4593 ·
1586 4583 1669 4661 cla·
