4034 5275
426 520 501 616 196
638 619 641 623 ι
751 509 1030 599 laniationem
1047 512 1311 601 Consultatum

401 631 461 694 tet
495 646 573 696 cum
609 620 740 699 onibus
770 630 875 715 suis,
906 640 947 699 ut
981 643 1115 721 pastor
1152 649 1229 700 cum
1263 622 1410 727 grege(
1434 621 1459 727 )
1504 646 1507 650 ·
1684 702 1693 712 ,

453 727 516 799 tx.
545 728 660 802 Porro
678 743 717 801 ut
736 728 900 825 primum
916 729 1148 804 Beneficium
1167 745 1304 816 vacet,
1337 731 1426 802 satis
1450 746 1526 802 non
1550 741 1608 803 est
1625 729 1698 804 al*

401 839 532 903 terum·
555 830 735 905 collatum
764 853 874 920 esse,
911 847 949 904 at
985 832 1185 929 requiritur
1228 830 1386 906 omniuo
1419 831 1573 905 alterius
1604 833 1697 906 sive·-

398 928 447 1003 de
457 934 571 1023 jure,
601 935 681 1008 sive
697 933 745 1009 de
762 937 863 1007 facto
882 934 1041 1030 pacifica
1062 932 1271 1028 possessio,
1297 933 1444 1007 seilicet
1464 949 1505 1007 ut
1522 934 1685 1008 alterum

399 1037 462 1106 vel
493 1037 541 1109 de
578 1036 679 1111 sacto
709 1037 866 1131 pacifice
905 1038 1167 1132 possideatur,
1201 1036 1262 1110 vel
1290 1035 1424 1109 saltem
1453 1052 1493 1108 ut
1527 1035 1687 1132 probari

397 1154 538 1230 queat,
570 1161 637 1234 per
660 1138 945 1214 Beneficiariurn
964 1152 1110 1228 stare,
1140 1138 1340 1237 quominus
1368 1137 1531 1234 'pacifice
1560 1140 1687 1236 possis

396 1236 558 1314 deatur:
589 1240 755 1313 iudicata
773 1241 981 1339 Extravag.
1001 1239 1341 1315 Exsecrabilis.³ld
1364 1242 1466 1338 quod
1484 1242 1685 1317 sancitum

395 1353 452 1412 est
473 1338 525 1414 ob
548 1344 813 1416 nonnullorum
832 1344 1008 1433 fraudes,
1031 1344 1095 1441 qui
1118 1344 1314 1439 pacificam
1333 1342 1487 1416 alterius
1504 1342 1685 1419 Beneficii

394 1444 668 1534 possessionem
687 1446 751 1518 vix
771 1445 902 1535 nacti,
933 1447 1060 1521 statim
1089 1468 1177 1519 cum
1206 1445 1295 1518 ficto
1324 1447 1544 1519 adversario
1562 1449 1686 1522 colin-

393 1541 527 1619 dentes
550 1540 669 1648 litem—
685 1544 756 1620 sibi
781 1547 953 1622 suscitari
972 1546 1257 1645 procurabant,
1290 1563 1331 1620 ut
1357 1549 1541 1642 possessio
1563 1550 1683 1646 adpa-

393 1664 496 1721 reret
529 1669 604 1726 nou
628 1649 786 1745 pacifica
804 1664 961 1749 ,atque
995 1653 1049 1724 ita
1080 1652 1214 1738 fieret,
1245 1663 1284 1722 nt
1312 1650 1503 1747 utriusque
1532 1653 1684 1746 prioris,

392 1761 433 1820 et
453 1753 672 1844 posterioris
684 1750 863 1824 Beneficii
891 1751 1137 1848 proventibus
1162 1753 1385 1826 fruerentur.
1415 1755 1559 1826 Adbae'c
1583 1754 1688 1851 paci·

391 1846 504 1925 fitam
531 1855 684 1927 alterius
698 1852 876 1927 Beneficii
906 1855 1180 1950 possessionem
1199 1870 1338 1944 nactO,
1364 1855 1527 1930 retentio
1546 1856 1684 1951 prioris

393 1955 618 2029 conceditur
650 1957 700 2028 ad
734 1956 828 2029 duos
861 1979 977 2055 usque
1015 1979 1183 2030 menses:
1213 1958 1312 2030 Rota
1344 1959 1444 2052 apud
1472 1958 1683 2033 Merlinum

382 2049 524 2131 ¹Dacis.
551 2055 599 2130 V
602 2054 628 2130 1
653 2083 685 2129 n.
716 2081 789 2146 10,
820 2075 858 2134 et
889 2059 1072 2156 quidem,
1107 2074 1147 2132 ut
1179 2059 1296 2155 possit
1319 2053 1412 2156 ¹quis
1437 2052 1617 2154 experiri—s
1633 2084 1684 2135 an

393 2160 577 2234 molestiae
597 2164 901 2254 'superveniantq
932 2183 1007 2252 ne,
1042 2160 1122 2234 istis
1153 2162 1347 2256 inopinato
1377 2159 1683 2254 obvenientibus

390 2274 477 2354 post
510 2263 675 2355 primum
711 2264 916 2336 demissum
952 2265 1095 2337 incidat
1124 2265 1162 2336 in
1186 2263 1375 2358 utriusque
1389 2265 1598 2354 jacturam:
1618 2267 1687 2339 Ri-

298 2396 299 2399 κ
386 2362 1060 2459 gant.inReg.ICanc.§.8·n.115.
1511 2393 1523 2400 ··
1690 2402 1693 2406 ⁸

440 2465 487 2539 Χ.
515 2466 823 2562 Incompatibilia
854 2468 1006 2541 alterius
1054 2464 1202 2566 generis
1222 2462 1422 2538 Beneficia
1439 2480 1551 2557 sunt,
1585 2491 1685 2565 quo-

393 2576 479 2641 r'unr·
512 2569 614 2666 prius
644 2592 718 2645 non
743 2585 856 2646 vacat
887 2571 969 2667 ipso
994 2572 1079 2665 jure
1108 2592 1175 2666 per
1202 2568 1401 2665 pacificam
1428 2568 1581 2669 alterius
1615 2573 1684 2646 ad·
1744 2573 1751 2579 '

387 2672 649 2762 secutionem,
670 2674 852 2772 quamvis
873 2675 1027 2748 retineri
1042 2666 1165 2746 simul¹
1191 2686 1403 2767 nequeant3
1429 2693 1545 2767 quum
1570 2674 1681 2774 elige

387 2792 432 2856 re
454 2776 540 2870 quis
559 2774 699 2849 debeat
729 2776 979 2863 alterutrum,
1007 2773 1099 2847 aiias
1121 2775 1189 2898 p‘er
1204 2771 1441 2867 Superiorem
1459 2774 1580 2860 altero
1598 2776 1680 2870 pria

386 2878 547 2950 vandus.
580 2877 810 2970 Hujusmodi
838 2891 923 2947 sunt
954 2868 1030 2948 duo
1045 2874 1356 2947 Canonicatusuin
1375 2875 1536 2947 diversis
1552 2875 1680 2952 Eccle

385 2973 476 3067 siis,
500 2995 538 3050 et
561 2977 635 3052 alia
654 2978 840 3052 Beneficia
873 2977 999 3073 legem
1029 2975 1241 3049 residentiae
1273 2976 1460 3050 adnexam
1483 2976 1678 3072 habentia,

384 3078 453 3150 sed
479 3079 560 3153 sine
578 3081 792 3153 animarum
819 3102 937 3167 cura,
964 3080 1178 3178 dignitate,
1206 3094 1433 3173 personatu,
1457 3079 1519 3152 vel
1535 3080 1676 3174 officio,

382 3201 507 3277 neque
536 3181 739 3255 uniformia
765 3178 849 3253 sub·
866 3182 1003 3255 eodem
1032 3193 1149 3253 tecto.
1182 3180 1273 3252 Tria
1297 3177 1573 3277 igitur,iCura
1600 3183 1677 3257 sci*

384 3285 476 3359 iicet
508 3282 748 3374 animarum,
778 3283 841 3356 iex
855 3283 1114 3373 Residentiae,
1142 3296 1180 3356 et
1196 3280 1471 3369 Uniformitas,
1493 3297 1536 3357 ut
1560 3286 1676 3377 ajunt,

292 3422 302 3428 -
382 3387 455 3462 sub
470 3390 605 3461 eodem
623 3396 726 3461 tecto
742 3379 931 3461 Beneficia
948 3387 1112 3459 reddunt
1129 3379 1442 3480 incompatibilia.
1515 3405 1520 3413 '

433 3493 498 3562 Xi.
527 3487 823 3585 Unde'iegitimi
842 3480 1117 3561 Beneficiorum
1144 3486 1346 3560 collatores
1367 3489 1675 3591 1,pote4runtuni,
1737 3559 1742 3564 .

367 3589 584 3687 'eidemque
614 3565 703 3663 bina
727 3590 901 3665 conferre
916 3588 1103 3663 beneficia
1118 3586 1345 3683 Simplicia,
1374 3609 1487 3685 quum
1506 3590 1673 3685 primurn

379 3694 432 3768 ad
448 3693 567 3768 vitam
586 3696 868 3767 sustentandam
881 3711 1091 3789 congruum
1107 3713 1181 3762 non
1199 3690 1324 3765 fuerit.

434 3818 456 3870 2
487 3794 654 3870 Habenti
686 3795 936 3892 dignitatem,
961 3794 1260 3881 canonicatum,
1291 3791 1353 3866 vei
1380 3814 1510 3866 curam
1535 3794 1674 3871 anima·

384 3921 468 3976 rum
487 3953 500 3988 ,
533 3902 636 3991 cujus
654 3898 796 3971 reditus
822 3898 894 3970 sint
912 3913 1070 3985 tenues,
1090 3918 1165 3969 non
1182 3909 1358 3967 vetantur
1372 3894 1534 3967 alterum
1549 3913 1671 3993 quan-

290 4088 296 4095 ,
382 4004 679 4098 tumvisprngue
696 4000 926 4074 Beneficium
942 3999 1142 4084 conferre,
1163 3997 1218 4068 uti
1240 4013 1372 4069 contra
1402 3995 1560 4069 habentl
1583 3999 1672 4071 sirn-

380 4107 471 4202 piex
485 4103 744 4194 Beneficium,
778 4104 881 4195 cujus
912 4103 1027 4175 etiam
1056 4098 1181 4195 exigui
1211 4097 1285 4170 sint
1312 4113 1548 4193 proventus,
1572 4100 1670 4174 alte·

311 4202 313 4208 ’
380 4229 464 4283 rum
484 4205 698 4290 Curatum,
729 4206 792 4280 vel
818 4226 905 4278 cum
931 4200 1143 4277 residentiae
1175 4198 1290 4274 fibula
1316 4217 1419 4273 recte
1441 4200 1669 4300 conferetun

285 4386 287 4389 .
334 4299 336 4302 ’
380 4314 433 4385 At
458 4333 548 4386 vero
581 4309 733 4384 tertium
764 4306 942 4404 consequi
969 4303 1199 4378 Beneficium
1234 4303 1313 4376 sine
1335 4300 1558 4397 Apostolica
1589 4305 1669 4378 dis·

379 4412 602 4511 pensatione
633 4411 723 4486 lieet
754 4410 909 4483 nemini.
953 4406 1140 4500 Quamvis
1175 4427 1221 4479 ex
1251 4405 1519 4478 nonnullorum
1548 4403 1669 4481 Cano

370 4517 560 4593 mistarum
597 4513 812 4605 sententia,
842 4526 882 4587 et
910 4532 958 4588 ex
987 4532 1085 4602 usu,
1115 4505 1358 4607 moribusque
1381 4506 1508 4618 Regni
1535 4507 1665 4604 Neap.

797 4639 800 4644 ·
1584 4631 1658 4705 qq..
1699 4654 1714 4662 ,
