4034 5275
385 479 459 556 228
720 480 998 556 Institutionum
1028 478 1291 556 Οιιιιοιιὶιιιιιιιιι

362 583 613 660 clesiost'icom
636 583 729 661 habt
785 601 885 673 ,ont
910 583 1148 658 habuerunt
1133 585 1387 684 ,quodcunque
1402 591 1518 662 etiam
1538 585 1655 663 disti

366 688 451 760 mile
433 672 717 780 ebeneficinmo
763 691 888 775 inere,
914 690 1037 761 necin
1060 686 1175 763 dictis
1204 688 1390 764 Ecclesiis
1420 714 1553 786 quoquo
1577 715 1656 765 mo·

364 789 409 864 do
437 792 674 879 mlnistrore,
712 815 754 863 n
757 813 775 864 c
799 809 988 884 pensiones
1017 809 1127 883 snper
1152 789 1351 882 frontibus
1389 790 1655 886 beneficiorum,

368 914 450 987 qnae
471 908 645 986 ponentes
666 915 785 967 eornm
807 890 1000 982 obtinent,
1021 916 1064 968 oe
1066 893 1203 968 lolios
1220 892 1479 984 obtinuerunt,
1499 894 1656 970 habere:

368 993 463 1069 Sess.
488 1019 564 1070 xxv
587 996 670 1070 Res.
693 1019 777 1091 cap
803 1014 860 1088 ις
888 995 1004 1069 Porro
1031 997 1081 1068 ad
1106 1010 1285 1093 nepotem
1309 997 1658 1096 legitimumexil

369 1096 542 1217 legitimo
571 1098 649 1172 lilio
672 1115 802 1174 uatum
831 1098 1004 1170 Trident.
1028 1098 1225 1172 decretum
1245 1099 1346 1173 haud
1370 1100 1657 1175 extendendum

368 1216 407 1274 et
433 1201 529 1274 ratio
552 1203 712 1291 suadet,
739 1223 787 1275 ex
815 1199 1008 1296 pluriesS.
1029 1193 1222 1299 Congreg.
1247 1202 1442 1296 respondit
1461 1204 1563 1298 apud
1581 1201 1656 1276 Bc·

368 1302 563 1377 nedictum
584 1303 677 1378 XlV
701 1303 745 1376 de
772 1301 911 1396 Synod
936 1301 1101 1377 Dioeces
1129 1303 1218 1379 Lib.
1239 1303 1354 1379 XIII
1376 1324 1460 1399 cop.
1485 1325 1560 1397 24,
1589 1301 1656 1378 nbi

369 1405 667 1501 sapientissimus
697 1406 872 1482 Pontifex
902 1405 1029 1504 plnres
1064 1408 1137 1545 hac
1171 1407 1220 1480 de
1253 1426 1296 1480 re
1333 1408 1501 1528 explicat
1531 1428 1656 1506 quaes·

282 1511 284 1516 ’
368 1507 504 1583 tiones
590 1566 594 1572 .

418 1608 520 1684 xiv.
550 1613 633 1708 Jam
662 1633 756 1688 vero
786 1611 877 1685 satis
911 1633 985 1685 nnn
1017 1621 1075 1682 est
1099 1608 1292 1684 canonicis
1323 1610 1543 1707 expeditum
1572 1631 1655 1687 esse

307 1796 315 1808 Ι
363 1711 758 1812 unpedrmeutrs,qur
775 1715 825 1787 ad
841 1713 1029 1787 Beneficia
1047 1712 1243 1808 adspirat
1265 1714 1331 1786 sed
1350 1712 1544 1804 moribus
1561 1735 1653 1786 con·-

368 1816 610 1904 versatione,
634 1814 761 1907 sarna,
785 1833 824 1889 et
852 1814 1019 1890 litteris
1009 1829 1060 1886 rta
1082 1830 1255 1889 ornatus
1264 1814 1314 1889 sit
1338 1831 1521 1910 oportet,
1541 1810 1656 1890 utad

367 1913 616 1992 obeundum
606 1920 764 2011 injuncti
781 1918 898 1991 officii
916 1916 1193 2005 ministerium,
1220 1917 1327 1991 etad
1347 1917 1452 1991 utilia
1470 1915 1656 1990 Ecclesiae

367 2021 583 2094 exhibenda
607 2019 787 2118 obsequia
814 2036 924 2138 aptus
946 2042 1027 2095 esse
1050 2017 1235 2094 videatur.
1252 2017 1396 2093 Unde
1382 2041 1430 2092 ex
1452 2018 1652 2095 communi

367 2119 661 2198 canonistarum
690 2122 878 2197 sententia
898 2123 1091 2220 digniores
1115 2144 1267 2216 prorsus
1287 2124 1337 2196 ad
1368 2121 1555 2195 Beneficia
1582 2122 1656 2195 ade

365 2228 538 2299 sumendi
556 2240 673 2316 suut,-
690 2227 716 2299 i1
707 2226 906 2315 scilicet,
926 2225 990 2322 qui
1007 2223 1162 2297 attentis
1179 2221 1360 2337 omnibus
1373 2224 1561 2316 adjunctis
1581 2222 1657 2297 uti

366 2322 480 2399 liores
503 2325 649 2401 Eccle
622 2351 684 2399 siae
712 2327 828 2401 futuri
856 2341 1070 2420 sperantur.
1126 2372 1134 2385 ‚

420 2428 504 2502 XV.
529 2429 603 2501 Sed
629 2429 722 2501 illud
744 2429 808 2501 hic
833 2428 1039 2525 quaeritur,
1063 2446 1182 2523 gnum
1205 2425 1395 2501 Beneficia
1412 2425 1536 2544 dignis
1555 2449 1652 2501 con·

364 2524 455 2603 ferri
468 2532 649 2649 possint,
671 2527 907 2650 dignioribus
933 2527 1189 2624 posthabitisi
1207 2528 1352 2606 Verum
1370 2530 1471 2604 hac
1461 2547 1499 2602 ur
1518 2551 1559 2604 re
1576 2530 1659 2604 dis-³

365 2630 552 2708 tinctione
575 2655 677 2730 opus
707 2651 765 2709 est
793 2635 891 2708 inter
920 2631 1111 2708 Beneficia
1125 2629 1296 2723 Curata
1329 2651 1367 2707 et
1399 2655 1475 2708 uon
1501 2629 1659 2709 Curata?

365 2730 448 2808 h'aec
467 2739 570 2810 enim
598 2759 707 2833 posse
728 2738 876 2810 idoneis
893 2738 1079 2809 duntaxat
1099 2736 1264 2810 conferri
1280 2737 1396 2811 etiam
1394 2724 1651 2853 dignioribus

365 2837 542 2926 omissis,
566 2840 846 2937 quamplurium
869 2858 959 2911 sane
979 2838 1271 2914 Canonistarnm
1297 2839 1428 2936 opinio
1452 2854 1521 2911 est.
1537 2838 1660 2927 Qnod·

364 2949 446 3011 tum
469 2961 516 3013 ex
540 2940 710 3035 pluribus
740 2940 955 3029 evincitur,
978 2955 1059 3014 tum
1085 2938 1147 3030 vel
1171 2941 1335 3014 maxime
1352 2963 1399 3014 ex
1416 2938 1508 3034 Cap.
1531 2960 1592 3036 29.
1608 2942 1659 3015 cle‘

315 3057 317 3059 ’
364 3039 560 3116 Probend.
576 3061 616 3117 et
633 3067 680 3117 ex
702 3045 875 3117 Trideut.
893 3044 999 3116 Serr.
1022 3061 1080 3115 νιι
1101 3042 1193 3135 Ref.
1217 3062 1300 3137 cop.
1323 3064 1359 3140 3.
1384 3043 1500 3116 Porro
1526 3042 1654 3116 sanio'·

363 3140 417 3215 ris
441 3144 624 3218 doctrinae
650 3147 751 3219 fama
772 3144 972 3219 clarissimi
997 3162 1076 3217 tum
1103 3144 1228 3238 plures
1251 3168 1298 3217 ex
1319 3142 1507 3219 Canonici
1528 3144 1654 3241 Jurisa

363 3244 522 3340 peritis,
551 3262 630 3322 tum
658 3271 705 3321 ex
723 3245 956 3364 Theologlca
977 3246 1157 3320 facultate
1178 3246 1447 3344 quamplurimi
1465 3249 1540 3320 hnc
1568 3247 1652 3320 tan}

361 3349 562 3423 tummodo
576 3353 624 3425 ad
644 3350 796 3424 forum
785 3349 1017 3445 restringunt
1035 3364 1255 3437 externum,
1271 3349 1544 3423 contendentes
1558 3369 1651 3423 cum

360 3446 410 3523 D
427 3451 578 3525 Thomu
595 3453 648 3524 Se
642 3454 765 3526 condo
782 3450 1031 3568 SecondaeQ.
1052 3449 1204 3524 LXIII
1216 3466 1295 3524 ort.
1283 3450 1649 3625 ‚nm'ffiquantum

299 3647 301 3652 Ι
360 3552 411 3623 ad
434 3554 736 3648 conscientiam,
764 3554 920 3627 omnino
949 3553 1065 3625 etiam
1091 3553 1139 3625 ad
1164 3552 1352 3629 Beneficia
1451 3552 1564 3647 plicia
1584 3577 1649 3627 ne

359 3674 460 3727 cesse
485 3670 544 3726 est
573 3657 709 3751 eligere
731 3658 922 3753 meliores,
951 3654 1014 3726 vel
1033 3655 1144 3747 simpl
1143 3659 1280 3743 iciter,
1308 3655 1372 3729 vel
1391 3659 1430 3726 in
1454 3673 1649 3749 compono-

357 3758 461 3829 tione
476 3757 528 3829 od
543 3759 664 3831 bonmn
682 3781 882 3842 commune,
905 3755 1134 3851 seligendus.
1151 3755 1202 3831 Et
1217 3766 1307 3832 sane
1325 3757 1536 3855 digniores
1533 3759 1652 3832 orn'it
1663 3823 1671 3840 ,

357 3872 440 3932 tere
461 3877 552 3952 prae
555 3863 811 3963 erquamqood
836 3859 1090 3956 plerumque
1079 3880 1117 3930 ru
1150 3860 1420 3934 detrimentum
1438 3859 1543 3932 cadit
1565 3859 1646 3933 Ec
1662 3937 1674 3952 J

357 3960 501 4079 clesiae,
521 3963 604 4049 vix,
623 3979 686 4037 ant
707 3984 754 4037 ne
774 3963 835 4036 vix
854 3960 1005 4059 quidem
1027 3983 1273 4056 personarum
1295 3959 1560 4078 acceptionem
1579 3962 1646 4036 ad·

350 4064 525 4154 junctam
546 4083 618 4136 non
646 4065 784 4149 habet,
809 4081 887 4138 tam
910 4063 1157 4159 frequenter
1147 4084 1185 4135 ιιι
1208 4064 1325 4138 sacris
1347 4061 1496 4152 litteris
1510 4072 1646 4159 repro·

356 4161 519 4239 batam.
546 4167 691 4241 Eccler.
718 4166 845 4241 XIII
859 4192 894 4239 o
925 4188 970 4252 r,
987 4161 1144 4257 Jacobi
1161 4167 1210 4241 ΙΙ
1222 4189 1260 4240 o
1285 4189 1319 4239 ι
1340 4166 1424 4255 Qua
1443 4165 1491 4238 de
1515 4187 1558 4237 re
1576 4167 1643 4240 lu

354 4267 552 4342 nocentius
578 4271 627 4340 lll
649 4270 747 4364 Cap.
764 4269 901 4345 unico:
929 4221 986 4340 U'r
1005 4266 1279 4345 Ecclesiastico
1294 4265 1487 4357 beneficio
1488 4270 1566 4341 sine
1583 4269 1645 4342 de<

354 4374 551 4443 minutione
568 4372 832 4462 conferantur,
854 4372 909 4445 sic
928 4371 1132 4463 respondet
1150 4370 1330 4465 Archiepc
1348 4369 1641 4444 Mediolanensi

312 4494 314 4497 ’
352 4473 441 4548 Non
464 4498 511 4550 ιιι
527 4470 668 4592 officio
694 4475 868 4566 corneli,
880 4471 957 4548 sed
981 4473 1144 4550 discreto
1156 4472 1301 4573 jndicio
1326 4473 1491 4549 debuisti
1506 4472 1643 4547 Eccl

1531 4576 1636 4647 sias·
