4034 5275
668 532 672 543 ‘
708 501 824 580 liber
856 501 913 579 ΙΙ.
943 499 1091 577 Titulus
1121 497 1258 576 XXV.
1522 499 1606 599 '245

310 640 312 644 ·
341 604 449 698 aliud
463 605 641 698 baireio,
657 618 695 683 et
713 607 814 682 aliud
829 607 1009 680 Mixtum.
1024 605 1333 681 Ecclesiasticum
1349 615 1426 697 est,
1443 609 1544 703 quod
1559 606 1633 683 Ec·

344 710 493 798 clesiae,
514 706 578 787 vel
594 709 748 786 Clerico
767 732 842 784 non
862 711 1008 786 ratione
1026 708 1247 805 patrimonii
1264 708 1467 799 convenit,
1487 710 1554 784 sed
1571 733 1631 786 ra·

343 811 447 888 tione
469 813 695 911 dignitatis,
719 827 758 888 et
786 811 926 887 officii:
953 811 1046 906 Cap.
1079 815 1172 886 unic.
1193 813 1236 885 de
1256 809 1521 912 Jurepntr.yin
1546 811 1625 888 Vl.

342 911 480 1014 Neque
505 917 609 990 enim
637 916 738 1012 quod
766 914 790 988 d
815 912 968 990 Clerico
994 914 1241 988 constitutum
1266 913 1341 1002 sit,
1362 914 1436 1000 ¹vel
1470 912 1625 992 Clerico

336 1019 572 1110 conveniat,
601 1019 689 1093 inde
713 1016 1023 1106 Ecclesiasticum
1049 1017 1252 1091 dicendum
1275 1031 1332 1090 est
1346 1073 1358 1106 ,
1372 1016 1447 1090 'sed
1467 1018 1625 1093 omnino

338 1121 567 1218 requiritur,
589 1137 630 1197 ut
652 1141 829 1216 expresse
850 1118 1105 1195 &Fundatore
1130 1119 1210 1193 sive
1228 1116 1409 1208 Clerico,
1433 1120 1514 1193 sive
1532 1121 1624 1212 Lai·

336 1243 384 1296 co
404 1221 586 1299 Ecclesiae
612 1223 752 1312 alicui,
775 1222 837 1298 vel
862 1221 1067 1320 dignitati,
1095 1235 1160 1296 aut
1185 1221 1321 1319 gradui
1352 1220 1622 1300 Ecclesiastico

336 1322 662 1427 adfigatur,(**)
694 1325 757 1399 vel
786 1325 848 1398 cui
877 1320 1135 1399 Ecclesiastici
1167 1323 1369 1420 privilegio
1404 1325 1620 1416 decoratur,

328 1427 391 1502 uti
405 1428 569 1526 ¹Equites
593 1427 785 1504 Ordinum
813 1425 1065 1502 Militariumt
1089 1424 1231 1503 Garcia
1252 1427 1295 1502 de
1319 1425 1453 1520 Beuef.
1478 1427 1526 1502 P.
1556 1426 1625 1501 IX
1645 1461 1647 1465 ¹

336 1525 431 1624 Cap.
460 1531 507 1607 II
528 1557 565 1606 n.
597 1529 684 1629 263.
708 1526 764 1631 (*)
1214 1585 1215 1590 ,
1394 1611 1397 1615 ⁴
1723 1526 1729 1538 '

335 1651 351 1716 ,·
387 1631 435 1708 V.
465 1634 752 1730 Juspatronatus
781 1630 935 1705 Laicale
951 1643 1043 1720 est,
1065 1631 1167 1729 quod
1194 1629 1308 1710 alicui
1343 1630 1424 1705 sive
1453 1629 1620 1725 Clerico,

333 1731 416 1815 ¹sive
440 1736 556 1811 laico
579 1734 760 1810 convenit
777 1734 924 1820 ratione
943 1734 1191 1831 patrimonii,
1219 1755 1295 1807 non
1319 1731 1529 1823 Ecclesiae,
1551 1734 1618 1812 aut

332 1834 555 1932 diguitatis:
586 1853 708 1937 atque.
726 1837 823 1912 adeo
851 1836 942 1910 licet
969 1858 1017 1911 ex
1053 1832 1303 1932 proventibus
1335 1834 1616 1912 Ecclesiasticis

330 1934 526 2015 dClerico
542 1941 721 2039 quopiam
737 1939 985 2026 constitutum
1003 1938 1076 2028 sit,
1099 1939 1225 2012 adbuc
1243 1939 1370 2012 tamen
1388 1939 1524 2014 laicale
1542 1956 1616 2032 est,

332 2040 473 2137 quippe
489 2044 597 2139 -quod
627 2039 771 2118 Clerici
797 2042 912 2117 hodie
941 2039 1230 2116 Ecclesiasticos
1262 2056 1468 2134 proventus
1497 2043 1617 2120 instar

331 2144 553 2236 patrimonii
583 2168 668 2246 suos
693 2145 864 2233 faciunt,
892 2155 931 2217 et
959 2143 998 2216 in
1027 2143 1110 2216 foro
1141 2152 1326 2230 externo,
1358 2156 1399 2216 ut
1429 2145 1616 2238 patrimo·
1661 2173 1663 2176 ⁴

330 2242 447 2320 nialla
475 2247 617 2342 passim
647 2261 881 2343 reputantur.
910 2246 967 2318 lta
990 2240 1190 2320 Gonzalez
1226 2242 1276 2318 ad
1298 2246 1392 2338 Cap.
1423 2264 1449 2337 5.
1472 2246 1516 2320 de
1542 2246 1614 2342 Ju-

329 2362 473 2443 repatr.
495 2365 534 2423 et
556 2351 611 2425 Le
635 2349 725 2446 Roy
750 2350 898 2447 Proleg.
921 2345 1000 2420 Tit.
1023 2347 1066 2421 de
1084 2343 1284 2443 Jureputr.
1310 2365 1394 2440 cap.
1416 2350 1470 2436 6,
1495 2351 1557 2446 qui
1575 2366 1614 2425 et

327 2445 423 2566 idid.
440 2451 557 2538 tradit
581 2451 619 2526 in
637 2449 754 2527 dubio
777 2452 900 2546 potius
916 2449 1053 2525 laicale
1070 2451 1322 2539 censendum,
1346 2471 1459 2547 quam
1478 2450 1614 2528 Eccle-

327 2553 537 2629 nasticum.
1215 2590 1220 2598 =
1584 2589 1587 2591 ·

329 2721 332 2727 .
379 2654 445 2731 Vl.
473 2658 762 2755 Juspatronatus
778 2656 943 2729 Mixtum
962 2666 1038 2742 est,
1060 2654 1163 2753 quod
1181 2655 1321 2750 partim
1339 2654 1528 2729 rationem
1547 2680 1614 2752 pa·

325 2756 523 2851 trimonii,
555 2761 694 2856 partim
720 2760 909 2836 rationem
935 2754 1093 2831 exhibet
1123 2756 1330 2831 Ecclesiae:
1361 2756 1407 2830 E.
1428 2782 1467 2855 g.
1496 2782 1614 2855 quum
1657 2779 1659 2783 ⁴

292 2882 295 2889 ¹
326 2880 376 2933 ex
399 2859 548 2937 duobus
572 2862 745 2939 Patronis
768 2861 864 2936 alter
879 2863 1071 2953 jussuum
1098 2860 1148 2934 ad
1171 2858 1386 2936 Ecclesiam
1409 2863 1615 2936 transtules

331 2962 410 3054 rit,
435 2979 499 3038 aut
517 2987 638 3062 quum
666 2967 741 3039 duo
766 2964 907 3039 diversi
932 2962 1113 3053 Patroni,
1133 2962 1286 3051 scilicet
1311 2959 1614 3054 Ecclesiasticus,
1724 2968 1726 2974 ’

330 3079 371 3139 et
391 3066 531 3156 Laicus
558 3067 608 3142 ad
623 3066 854 3141 Beneficium
872 3064 1144 3139 conferendum
1162 3087 1209 3138 ex
1238 3087 1345 3163 aequo
1373 3082 1615 3156 concurrant,

332 3165 542 3266 litteraque
575 3168 874 3264 praesentationis
917 3168 1110 3265 utriusque
1154 3170 1308 3241 nomine
1351 3168 1615 3261 expediantur.

332 3268 594 3359 Quamobrem
616 3272 647 3368 si
672 3273 712 3344 hi
734 3267 885 3366 patroni
913 3290 989 3341 non
1012 3268 1149 3355 simul,
1172 3271 1239 3341 sed
1262 3269 1443 3358 divisim,
1465 3268 1529 3344 vel
1555 3270 1614 3342 ala

322 3370 451 3445 ternis
479 3368 733 3467 presentent,
762 3368 1050 3469 Juspatronatus
1083 3370 1246 3442 mixtum·
1273 3370 1478 3468 nouerit,
1508 3373 1611 3468 quod

334 3474 478 3572 utriusq
550 3474 702 3581 Paproni
718 3477 803 3567 Jura
829 3493 905 3547 non
931 3470 1164 3569 miscentur,
1194 3473 1262 3546 sed
1283 3488 1439 3571 uterque
1468 3495 1534 3558 suo
1550 3476 1613 3567 ju·

322 3598 375 3650 re
400 3574 528 3653 utitur.
558 3576 676 3652 Porro
703 3578 741 3651 in
768 3575 1080 3673 Jurepatronal'us
1106 3572 1225 3648 mixto
1253 3596 1403 3670 semper
1433 3573 1488 3647 illi
1521 3597 1615 3672 pro-¹

324 3674 487 3775 priuati
504 3680 707 3770 standum,
725 3678 804 3754 sive
821 3677 1100 3753 Ecclesiasticae
1114 3687 1136 3765 ,'
1147 3676 1227 3749 sive
1245 3676 1417 3765 Laicali,
1441 3697 1521 3774 quae
1537 3678 1612 3753 Pa-

324 3781 605 3879 ·tronismagis
639 3780 773 3869 favet,
804 3794 848 3853 ut
879 3772 1419 3876 alteruter‘privilegiotsocii
1455 3779 1612 3875 fruatur,

324 3885 448 3983 'quum
467 3882 563 3958 alias
584 3880 825 3980 privilegium
850 3896 948 3955 esset
972 3881 1129 3957 inutile:
1154 3882 1208 3955 Le
1233 3880 1322 3977 Roy
1343 3879 1436 3955 ibid.
1457 3881 1556 3976 Cup,
1573 3882 1613 3971 6,
1719 3897 1723 3906 ’

322 4022 325 4031 ·
346 3983 351 4045 -’
370 3985 481 4059 evil,
498 3980 785 4084 Ju'spatronatus
805 3984 887 4059 sive
912 3981 1249 4075 EcclesiastIcum,
1277 3982 1356 4057 sive
1381 3983 1534 4058 Laicale
1554 3982 1613 4059 bi·

324 4084 467 4162 'sariam
487 4089 740 4186 dispescitur,
754 4086 915 4161 -soilicet
938 4086 976 4159 in
1001 4085 1229 4175 Personale,
1258 4099 1297 4160 et
1322 4084 1454 4160 Reale.
1476 4086 1614 4162 Petro*

281 4274 284 4278 ,
333 4190 419 4264 nale
436 4188 553 4265 alicui
573 4212 742 4286 persona
760 4189 941 4265 convenit
958 4188 1259 4283 independenter
1277 4187 1301 4261 d
1319 4203 1538 4285 quacunque
1556 4212 1611 4280 re,

326 4291 395 4372 ..cui
417 4292 611 4368 inbaereat.
639 4292 759 4369 Reale
786 4293 887 4390 quod
913 4292 1056 4380 fundu,
1073 4289 1208 4379 villae,
1240 4290 1303 4366 vel
1327 4290 1440 4364 feudo
1469 4306 1525 4364 est
1545 4288 1613 4374 ads

326 4396 513 4468 nexum&
529 4398 621 4490 Cap,
649 4415 672 4495 7
699 4392 844 4483 eodem,
873 4392 968 4487 Cap.
1005 4394 1059 4467 13,
1083 4389 1127 4465 de
1154 4395 1323 4468 Senteut.
1352 4406 1467 4467 erre
1489 4392 1613 4494 judic.

331 4495 877 4595 HujusmodiJuspatronatus
897 4494 1085 4595 originem
1107 4493 1255 4672 ffibeoe
1276 4494 1429 4571 uidetur
1448 4492 1498 4576 ab
1511 4495 1613 4582 ,Oras

352 4647 356 4656 =
419 4652 423 4658 ⁴
479 4633 481 4635 ’
913 4623 915 4625 ’
1189 4615 1213 4672 2
1553 4611 1614 4673 to·

550 4904 572 4947 Ι
