4034 5275
394 518 444 601 3²
731 500 1016 576 Institutionum
1047 498 1314 601 causasarum

364 600 685 704 permittebatur,
715 604 787 677 nisi
809 605 873 702 qui
895 621 934 679 et
953 604 1120 696 offerre,
1140 624 1180 682 et
1197 608 1246 683 de
1261 602 1401 682 oblatis
1416 599 1664 701 ‘participare

365 724 520 804 posset:
551 708 589 783 id
606 708 712 806 quod
745 707 809 780 diu
840 707 989 805 viguit,
1019 710 1076 784 uti
1100 710 1250 786 erudite
1275 710 1516 784 demonstrat
1536 706 1664 787 Card.

366 810 472 887 Bona
489 811 581 885 Rer.
603 813 758 905 Litarg.
782 807 868 881 Lib.
886 809 937 885 I'I
949 809 1042 907 Cap.
1058 810 1194 889 XVII
1206 819 1236 902 ς.
1257 837 1294 889 a.
1312 808 1392 914 (**)
1408 811 1461 887 At
1478 833 1555 885 non
1574 807 1660 885 ubi-

283 918 295 935 ·
364 937 436 1011 que
456 938 501 990 ea
526 915 647 1012 viguit
667 912 896 1008 disciplina,
917 930 958 987 ut
975 915 1271 1015 quotiescunque
1287 916 1411 991 Sacris
1427 915 1663 991 interessent·

364 1018 523 1108 fideles,
544 1020 593 1093 de
610 1012 834 1091 SS.'Chris'ti
856 1014 1050 1094 Sacrificio
1072 1020 1304 1117 participare
1325 1026 1570 1118 cogerentur.
1586 1014 1662 1115 Sy·:

363 1122 486 1195 nodus
513 1121 615 1194 enim
646 1118 814 1193 Tolet.l
843 1117 935 1193 Can.
966 1141 1047 1195 tm
1068 1144 1145 1199 non
1174 1122 1215 1197 in
1245 1146 1338 1213 eos,
1366 1120 1431 1221 qui
1457 1118 1663 1197 Ecclesiae

363 1220 523 1321 ingressi
544 1223 750 1323 aliquando
774 1244 851 1295 non
877 1224 1234 1316 communicarent,
1257 1225 1382 1302 sedin
1400 1246 1466 1300 eos
1487 1237 1659 1307 tantuna·

361 1327 478 1401 modo
501 1327 717 1415 invehitur,
739 1325 803 1422 qui
820 1347 1012 1424 nunquam
1031 1327 1395 1420 communicabant3
1420 1342 1580 1402 constat¹
1599 1340 1657 1403 ta·

360 1449 451 1502 men
469 1430 506 1502 in
532 1429 717 1525 Hispania
734 1428 1066 1525 frequentissime,
1088 1432 1302 1507 Dominicis
1322 1429 1562 1528 prasertim,
1581 1426 1656 1505 ses·

361 1530 483 1630 tisque
505 1530 639 1607 diebus
655 1532 705 1608 ad
723 1531 878 1605 Sacram
892 1531 1085 1630 synaxim
1102 1536 1290 1610 accedere
1312 1533 1584 1622 consuevisse,
1611 1546 1654 1607 et

358 1633 385 1707 ii
405 1637 590 1711 duntaxat
605 1636 670 1733 qui
687 1631 799 1708 urbes
818 1634 879 1707 vel
899 1634 1135 1713 nobilissima
1152 1636 1296 1735 oppida
1313 1632 1564 1725 incolebant,
1585 1632 1657 1711 ubi

358 1735 572 1834 Episcopus
589 1739 749 1825 aderat,
774 1737 837 1811 vel
858 1735 1105 1836 Presbyteri3
1125 1741 1305 1839 quocirca
1322 1738 1455 1839 Synod
1474 1734 1651 1815 illiberit.

356 1837 450 1914 Can.
468 1861 547 1913 m
564 1864 628 1916 eos
645 1855 794 1915 tantum
811 1893 823 1928 ,
848 1839 913 1936 qui
935 1840 973 1915 in
993 1840 1168 1919 Ciuitate
1184 1844 1448 1938 transpositi,
1470 1840 1666 1917 Domini?

295 1942 299 1950 “
355 1943 410 2016 cis
434 1941 567 2018 diebus
593 1941 808 2018 Ecclesiam
826 1944 934 2016 adire
955 1945 1095 2043 coegit.
1118 1946 1246 2036 Quum
1268 1946 1373 2020 enirn
1401 1941 1453 2018 ob
1481 1940 1666 2045 Presby·'

354 2058 525 2122 tenorum
550 2047 719 2143 inopiam
750 2043 836 2119 Vici
865 2048 1092 2146 quandoque
1116 2049 1299 2123 Diaconis
1324 2060 1579 2143 regerentur,
1608 2060 1655 2125 ut

353 2148 499 2223 indicat
522 2152 658 2224 eadem
688 2150 780 2243 Syn.
809 2148 985 2223 Illiberit.
1009 2149 1104 2224 Can.
1125 2172 1300 2240 num,
1323 2151 1388 2248 qui
1410 2172 1475 2225 eas
1493 2148 1663 2225 inuehi*
1700 2172 1706 2179 ·

355 2248 491 2326 tabant
513 2252 643 2325 fideles
661 2247 812 2323 nonnisi
841 2250 958 2322 serius
983 2252 1111 2325 Missae
1136 2251 1345 2343 interesse,
1370 2266 1486 2350 atque
1516 2250 1653 2331 desn-

357 2376 424 2428 cra
447 2353 652 2450 participes
673 2352 755 2426 fieri
783 2350 1065 2427 Communione
1089 2370 1280 2450 poterant.
1303 2355 1441 2452 Neque
1463 2355 1515 2430 ad
1535 2360 1669 2433 vete·:'

357 2476 441 2530 rem
468 2456 700 2555 quotidianae
729 2452 1020 2530 Communionis
1048 2479 1157 2531 usum
1186 2480 1274 2532 curn
1297 2454 1471 2532 Roberto
1498 2454 1588 2533 Sala
1612 2460 1666 2555 in,

355 2558 471 2634 Notis
494 2560 544 2635 ad
571 2558 688 2637 Card.
708 2557 812 2633 Bona
833 2557 921 2632 loco
937 2559 1009 2655 cit..
1025 2559 1207 2657 proferas.
1218 2561 1312 2639 Can.
1335 2580 1474 2634 uuam
1498 2558 1663 2656 synodi·

358 2663 535 2739 Illiberit.
559 2686 628 2738 nos
648 2664 752 2739 enim
770 2665 877 2755 hujus
900 2662 1112 2759 disciplinae
1131 2687 1203 2740 nec
1222 2666 1425 2739 minimum
1444 2663 1665 2764 vestigium?

357 2787 405 2840 ex
424 2768 637 2858 hujusmodi
655 2765 836 2855 Canone,
854 2764 918 2838 vel
935 2768 1176 2863 augurando,
1192 2767 1356 2842 educere
1372 2766 1579 2862 potuimus.
1595 2763 1665 2872 (²¹¹)

361 2866 508 2942 Verum
524 2870 665 2944 deinde
685 2882 906 2963 tepescente
922 2869 1111 2944 charitate
1128 2870 1268 2944 sensim
1285 2893 1346 2946 res
1362 2890 1409 2943 eo
1432 2868 1655 2968 delataest,

358 2984 400 3046 ut
423 2972 548 3065 plnres
575 2971 668 3068 Syn.
690 2966 771 3071 (**)
795 2969 982 3045 asseculo
1004 2995 1047 3045 vr
1071 2970 1303 3066 celebrate,
1327 2973 1519 3069 praecipue
1532 2976 1664 3073 -Aga··

356 3076 461 3148 tuen.
483 3097 545 3148 an.
571 3074 644 3165 506
667 3072 761 3148 Can.
782 3091 914 3162 XVIII,
940 3091 979 3147 et
998 3073 1200 3170 Compost.
1222 3097 1286 3150 an.
1312 3073 1410 3168 1056
1431 3073 1527 3170 cac.
1547 3077 1574 3152 1
1593 3073 1662 3182 (*-)

356 3176 625 3268 decreverint,
647 3175 766 3251 laicos
788 3189 847 3249 ter
864 3176 1000 3249 saltem
1019 3199 1087 3273 per
1108 3177 1277 3274 singulos
1295 3199 1415 3252 annos
1432 3181 1663 3266 emmoni-1

354 3303 443 3355 care
465 3278 620 3355 debere.
645 3279 819 3353 Tandem
845 3277 1004 3353 remisso
1027 3301 1095 3375 pet
1113 3280 1334 3356 universum
1356 3277 1492 3355 orbem
1521 3280 1659 3384 pieta-2

356 3384 405 3458 tis
436 3385 562 3458 studio
593 3383 768 3458 Ecclesia
798 3382 916 3456 veluti
945 3398 1081 3457 coacta
1107 3398 1164 3484 est
1198 3383 1434 3479 praeceptum
1458 3403 1568 3457 suum
1598 3385 1665 3468 ad,

354 3507 521 3560 annuam
550 3483 873 3560 Communionem
897 3486 1141 3582 restringere.
1168 3482 1320 3561 Concil.
1344 3489 1474 3560 Later.
1493 3485 1535 3560 io
1551 3485 1651 3584 Gap.

357 3587 496 3665 Omnis
523 3588 715 3685 utriusque
747 3609 863 3661 sexus·
891 3608 937 3660 12
965 3585 1011 3659 de
1044 3589 1179 3662 Poenit.
1208 3603 1246 3662 et
1276 3586 1437 3664 Retrtr'ss.
1467 3589 1512 3661 ld
1542 3589 1661 3696 (prodg

356 3686 436 3793 (**)
458 3690 585 3787 primo
604 3691 831 3764 servandum
855 3689 1015 3781 injunxit
1038 3688 1076 3761 in
1096 3690 1280 3786 Hispania
1302 3689 1395 3787 Syn.
1411 3689 1658 3768 Vallis-olet.-

353 3793 449 3891 Cnp.
465 3789 680 3882 XXVIII,
713 3787 753 3892 *)
768 3807 807 3866 et
825 3791 991 3864 firmavit
1007 3790 1100 3889 Syn.
1117 3793 1223 3867 Trid.
1238 3797 1347 3870 Sess.
1363 3789 1478 3867 XIII
1489 3792 1585 3869 Can.
1601 3813 1664 3870 rt:

351 3899 395 3971 ae
417 3896 680 3973 Eucharistia.
717 3891 783 3998 **)
797 3893 963 3991 Optaret
986 3918 1089 3970 nunc
1115 3895 1287 3969 Ecclesia
1312 3894 1518 3991 pristinam
1537 3897 1667 3996 illam.»

352 4019 539 4100 revocare
565 3997 837 4093 disciplinam,
868 4020 951 4096 qua·
978 3997 1058 4073 fere
1088 3996 1228 4096 ubique
1256 4000 1450 4096 quondam
1473 3997 1665 4098 uigebat,¹

352 4101 453 4200 quod
475 4107 512 4176 in
532 4101 695 4197 singulis
711 4099 853 4176 Missis
862 4098 996 4192 fideles
1014 4098 1213 4175 adstantes
1233 4124 1301 4175 non
1317 4106 1430 4178 solnm
1447 4101 1649 4196 spirituali

350 4200 516 4296 afficta,
534 4202 599 4280 sed
614 4204 879 4279 sacramentali
895 4209 1006 4278 etiarn
1026 4202 1286 4280 Eucharistiae
1298 4204 1531 4299 perceptione
1547 4227 1650 4280 corn·

307 4380 309 4383 ,
349 4313 587 4381 manicarent.
608 4306 780 4380 Trident.
800 4305 910 4380 Sess.
938 4325 1036 4378 mr
1052 4326 1135 4401 cap.
1162 4304 1201 4381 6.
1222 4306 1296 4381 Sed
1316 4327 1432 4403 quum
1449 4304 1533 4379 fieri
1564 4303 1646 4384 non

350 4422 690 4506 posse-cognoscat
707 4410 744 4481 in
764 4411 836 4483 hac
856 4409 1036 4504 praesenti
1052 4422 1309 4504 tempestate,
1332 4407 1422 4482 satis
1443 4406 1564 4481 visum
1583 4423 1663 4489 est²

350 4512 622 4608 Hispaniarum
640 4507 813 4588 Patribus
825 4565 842 4602 ,
853 4526 895 4586 ut
912 4505 1075 4618 Paroclsi
1089 4513 1229 4609 plebatu
1246 4510 1322 4594 stit
1338 4513 1565 4588 connaissam
1581 4536 1640 4590 se·

1578 4613 1649 4691 da·
