4034 5275
400 496 480 552 2222
723 476 1003 554 Institutionum
1018 475 1284 554 Canonicarum

363 582 475 677 -copi
501 579 681 679 suffragio
698 581 886 657 Beneficia
909 581 1130 655 conferendi
1154 597 1376 676 potestatem
1399 580 1553 659 liabent.
1579 582 1667 657 Hoc

343 682 426 757 ·-in
446 684 581 777 Regno
599 684 820 780 Capitulum
841 684 965 779 Neap.
998 684 1179 757 nonnulla
1198 684 1387 760 Beneficia
1418 687 1515 760 intra
1539 683 1679 758 Basili·

387 808 475 861 cam
496 787 531 861 S.
556 790 750 863 Restituta
779 787 965 876 fundata,
992 809 1075 883 quae
1109 786 1157 860 de
1191 809 1321 861 mensa
1340 789 1509 883 Capituli
1540 788 1680 860 dicun·

383 901 476 979 tur,
506 892 652 964 confert
670 890 971 986 'Archicpiscopo
1000 889 1239 980 inconsulto,
1271 905 1401 965 cetera
1432 891 1469 963 in
1501 889 1678 964 universa

387 991 559 1068 Dioecesi
575 993 895 1088 Archiepiscopus
927 991 1027 1065 solus
1058 991 1288 1087 impartitur.
1305 993 1404 1066 Tum
1421 990 1681 1066 Canonicatus

387 1093 631 1170 Cathedralis
656 1094 837 1170 Ecclesiae
869 1092 1164 1182 Praebendatos,
1193 1094 1274 1183 sive
1294 1093 1546 1182 CardinaleS,
1576 1113 1682 1190 aeque

379 1196 704 1294 -Presbyterales,
738 1222 784 1271 ac
802 1197 1031 1272 Diaconales
1054 1196 1202 1270 confert
1219 1197 1540 1293 Archiepiscopus
1569 1197 1682 1284 solus,
1757 1186 1763 1193 ¹

387 1315 534 1373 ceteros
553 1324 645 1375 vero
663 1300 986 1395 Archiepiscopus
1003 1299 1136 1387 simul,
1153 1314 1190 1371 et
1210 1298 1444 1395 Capitulum.
1461 1299 1588 1372 Etiam
1606 1298 1684 1371 Tri·

379 1402 566 1477 nicanum
585 1403 804 1498 Capitulum
822 1404 859 1475 iu
876 1400 1174 1476 Canonicatibus
1190 1454 1202 1489 ,
1219 1418 1258 1474 et
1273 1401 1530 1498 Dignitatibus
1544 1399 1683 1474 Eccle-

379 1503 451 1580 tiae
468 1504 710 1580 Cathcdralis
728 1506 809 1580 sine
826 1503 1007 1600 Episcopi
1026 1504 1205 1602 suffragio
1220 1505 1401 1592 instituit,
1418 1505 1561 1601 reliqua
1575 1502 1681 1577 Dioe·
1702 1553 1704 1556 <

379 1630 514 1682 ceseos
531 1608 718 1683 Beneficia
749 1608 849 1681 solus
873 1608 1020 1681 confert
1039 1605 1263 1702 Episcopus.
1296 1605 1443 1680 Eodem
1470 1609 1554 1698 jure
1587 1605 1681 1678 frui-

328 1790 330 1795 ,
387 1725 448 1782 tur
470 1735 617 1809 quoque
633 1711 853 1805 Capitulum
870 1703 1211 1800 Beneventanum,
1241 1710 1377 1782 eodem
1403 1726 1441 1783 et
1467 1710 1543 1782 alia
1562 1708 1681 1782 ltaliae

378 1808 590 1907 Capitula,
614 1815 670 1909 uti
686 1814 943 1901 Novariense,
958 1811 1204 1901 Patauinum,
1218 1811 1431 1885 Brixiense:
1448 1808 1681 1906 Gagliordur

386 1913 480 1990 ibid.
498 1914 592 2010 Cap.
605 1913 654 1987 V
660 1914 687 1989 I
692 1918 716 1990 I
721 1918 746 1989 I
758 1939 793 1995 n,
806 1938 841 2008 4.
863 1915 965 1987 Hinc
992 1929 1118 1987 autem
1146 1914 1281 2007 excipe
1295 1910 1579 1988 Canonicorum
1595 1912 1682 1986 Poe.-

382 2009 624 2107 oitentiarii,
654 2034 692 2091 et
711 2016 899 2113 Theologi
920 2013 1174 2106 Praebeudas,
1205 2039 1298 2113 quas
1329 2016 1474 2112 praevio
1504 2015 1682 2090 examine

380 2120 489 2193 solus
519 2121 668 2194 confert
683 2119 910 2216 Episcopus:
939 2117 1414 2214 Syn.Trid.Sess.1rXrV
1434 2116 1525 2210 Res.
1543 2136 1627 2213 cap.
1644 2118 1681 2210 8,

383 2218 611 2296 Benedictus
629 2224 717 2296 Xlll
734 2228 772 2295 in
785 2221 943 2296 Constit.
962 2219 1165 2295 Pastoralis
1182 2219 1315 2295 XIV.
1343 2217 1567 2321 (**).Quum
1594 2243 1683 2294 omr-

379 2322 495 2401 nium
527 2325 684 2396 omnino
709 2322 1017 2409 Beneficiorum,
1049 2337 1087 2396 et
1117 2321 1410 2395 Praebendarum
1445 2321 1684 2416 Patronarus,

380 2426 451 2519 -qui
476 2425 674 2519 peculiaris
693 2448 767 2497 non
787 2426 858 2513 sit,
888 2425 937 2497 ad
956 2424 1100 2520 Regem
1121 2440 1290 2499 nostrum
1310 2425 1521 2519 pertineat,
1535 2447 1581 2500 ea
1598 2450 1680 2524 quae

381 2524 429 2599 in
451 2535 614 2625 'quatuor
640 2527 810 2622 exceptis
837 2527 1041 2622 ordinariis
1070 2525 1260 2601 mensibus
1278 2539 1417 2602 vacare
1435 2529 1681 2623 contigerint,

379 2642 491 2706 -uunc
508 2629 557 2704 ab
574 2629 765 2727 Episcopo
782 2684 793 2717 ,
817 2654 919 2704 nunc
936 2628 958 2702 a
975 2627 1180 2725 Capitulo,
1207 2653 1307 2705 nunc
1328 2631 1445 2705 etiam
1459 2626 1509 2704 ab
1525 2650 1684 2732 utroque

379 2731 502 2806 simul
525 2757 595 2829 pro
616 2734 776 2807 diversis
790 2732 1048 2806 Ecclesiarum
1077 2732 1436 2821 consuetudinibus,
1461 2734 1684 2833 privilegiis,

384 2847 428 2908 ct
462 2835 774 2932 compromissis,
807 2836 867 2908 vel
900 2834 1020 2925 pactis
1048 2834 1282 2908 confirmatis
1302 2836 1558 2910 conferuntur.
1586 2837 1684 2912 Prae·
1707 2908 1718 2922 ,2

387 2931 525 3011 bendae
544 2962 660 3025 vero,
689 2960 772 3035 quae
789 2934 832 3010 de
850 2934 986 3036 Officio
1003 2950 1189 3009 vocantur
1206 2976 1221 3025 ,v
1253 2937 1457 3027 videlicet,
1488 2938 1683 3015 Poeniten-

390 3038 529 3130 tiaria,
553 3040 784 3135 Magistralis
798 3087 817 3128 ,f
839 3037 1075 3130 Lectoralis‚
1102 3050 1140 3111 et
1158 3040 1404 3128 Doctoralis,
1423 3038 1472 3114 ab
1491 3040 1684 3141 Episcopo

380 3138 504 3216 simol
530 3164 618 3220 cum
639 3140 851 3235 Capitulo,
877 3137 1032 3234 publico
1066 3144 1305 3234 precedente
1336 3164 1520 3221 concursu
1551 3148 1685 3222 confe-

389 3252 546 3333 runtur,
570 3267 617 3317 ex
631 3242 897 3317 Concord.an.
918 3261 1015 3339 1753
1031 3243 1125 3317 Art.
1142 3242 1168 3313 I
1172 3241 1198 3313 I
1205 3298 1216 3333 ,
1239 3244 1327 3342 quin
1351 3246 1565 3340 hujusmodi
1587 3273 1682 3325 cou÷
1750 3301 1760 3312 .

384 3344 586 3421 firmandis
595 3341 875 3442 Collationibus
890 3344 1108 3419 necessariae
1123 3345 1196 3417 siut
1206 3345 1321 3421 Bullae
1338 3348 1410 3421 suo
1421 3348 1546 3444 sigillo
1562 3340 1681 3426 Plum-

388 3442 447 3534 bi,
463 3474 544 3545 quae
562 3466 673 3522 antea
690 3444 864 3521 solebant
881 3446 1068 3543 expediri:
1086 3446 1315 3522 Benedictus
1328 3450 1415 3523 Xllf
1431 3453 1459 3522 ir
1480 3447 1682 3560 Qeclarat.

387 3546 565 3623 Concord.
584 3549 723 3624 subdie
746 3548 986 3642 toSeptemb.
1000 3571 1060 3620 an.
1083 3546 1254 3651 1753.(*)
1268 3552 1327 3625 De
1344 3566 1467 3646 potest
1493 3552 1681 3631 teVicarii

379 3648 591 3734 .Generalis
627 3652 663 3746 in
687 3650 884 3728 Beneficiis
904 3650 1183 3736 conserendis,
1215 3670 1295 3727 tum
1324 3670 1362 3728 et
1380 3652 1571 3750 Capituli,
1584 3656 1681 3735 Sede

379 3737 611 3929 Epislclopa'li
629 3771 817 3845 vacante,
837 3757 920 3853 jatp
938 3753 1029 3828 satis
1045 3778 1113 3830 suo
1130 3756 1217 3832 loco
1234 3755 1323 3834 Lib.
1337 3756 1363 3831 I
1376 3755 1452 3836 Tit.
1469 3757 1625 3854 XXV,
1641 3775 1681 3839 et

423 3960 509 4036 ··lfl.
534 3961 723 4036 Formam*
743 3957 970 4038 Collatiunis
989 3962 1101 4059 'quod
1130 3975 1307 4058 spectat,
1340 3962 1511 4058 profecto
1554 3964 1681 4042 ambi·

387 4065 554 4161 gendum
583 4085 660 4139 non
693 4079 775 4154 est,
802 4066 887 4155 jure
919 4064 1115 4163 communi
1145 4065 1344 4160 inspecto,
1376 4065 1564 4141 Beneficia
1598 4071 1681 4147 solo

382 4163 509 4246 ,verbo
532 4165 699 4238 conferri
724 4177 862 4260 posse,
889 4180 1009 4263 neq'ue
1035 4168 1151 4244 ullam
1182 4169 1321 4266 requiri
1347 4169 1680 4264 scriptorumve·

377 4289 471 4344 rum
505 4270 556 4342 ad
589 4269 1026 4359 avertendas-fraortes,
1059 4272 1135 4345 hac
1161 4270 1200 4343 in
1229 4295 1270 4347 re
1301 4295 1376 4349 nou
1412 4271 1679 4369 infrequentes,

380 4370 660 4456 -mosindtlctus
681 4379 765 4458 est,¹
791 4388 830 4445 nt
844 4370 1079 4456 ¹collationes
1098 4374 1198 4462 fieri,
1223 4389 1287 4450 aut
1305 4371 1460 4471 probari
1479 4387 1679 4472 nequeant,

375 4472 467 4549 sine
495 4473 644 4552 lutens.
659 4541 665 4551 .
679 4473 792 4568 Unde
820 4476 1005 4552 hodierna
1018 4472 1673 4580 [TribunatlinmEcclesiasticorurn

376 4609 436 4634 .·.··
798 4609 803 4628 »¹
840 4609 854 4626 '-
880 4631 883 4636 .
1583 4602 1673 4679 psa-
