4034 5275
798 482 915 561 Liber
923 484 988 562 II.
1006 483 1154 562 Titulus
1169 485 1212 560 X
1215 485 1266 561 X.
1568 513 1657 570 aot:

370 589 544 666 :undem
578 588 864 689 lodicum-„die
904 590 948 663 18
979 591 1074 684 Maji
1113 614 1174 664 an.
1213 608 1310 690 1725
1345 591 1469 666 sanxit
1502 598 1677 691 querelas

373 708 519 770 contra
536 693 728 768 Abbatern
753 692 1028 782 Casiuensem,
1063 695 1213 790 ejusque
1235 695 1536 786 jurisdictionem
1569 704 1676 796 quasi

374 791 656 893 Episcopalem
689 795 913 888 rejiciendas
946 795 1056 884 sore,
1085 811 1383 894 perpetuumque
1405 797 1596 891 silentium
1618 825 1678 878 ex·

370 899 512 992 petitae
533 899 783 995 Episcopatus
800 897 1015 988 erectioni,
1041 919 1104 970 seu
1127 898 1355 973 restitutioni
1385 901 1671 995 imponendum:

371 1000 545 1076 Constit.
578 1002 691 1093 Quod
722 998 975 1074 inscrutabilis
1000 1000 1104 1094 prid.
1138 1000 1226 1072 Non
1240 1001 1412 1098 Augusti
1430 1024 1526 1102 1725
1547 1005 1583 1076 iu
1601 1007 1673 1103 Ap

372 1103 496 1197 perid.
530 1105 645 1200 ipsius
663 1103 829 1177 Consilii
847 1103 958 1176 Rom.
975 1126 1065 1177 nunt.
1082 1099 1228 1175 VIII.
1259 1103 1403 1178 Verum
1435 1107 1469 1179 ll
1488 1106 1573 1180 Viri
1596 1109 1674 1183 Ar-

372 1208 558 1300 gentius,
591 1224 629 1280 et
660 1203 862 1280 Crivellius
898 1205 947 1278 ad
986 1204 1170 1297 ejusmodi
1191 1204 1483 1282 Constitutionis
1516 1231 1674 1286 exsecu-

373 1307 523 1380 tionem
546 1312 629 1402 jura
654 1309 783 1404 populi
800 1306 1133 1404 Sangermanensis
1153 1308 1343 1382 audienda
1365 1310 1496 1404 prius,
1530 1328 1569 1385 et
1599 1315 1674 1388 dis-

374 1411 557 1485 cutienda
584 1414 810 1495 edixerunt:
841 1407 993 1501 Relatio
1011 1409 1096 1484 Ms.
1119 1428 1227 1503 super
1246 1409 1425 1486 Decretis
1441 1410 1553 1487 Cone.¹
1566 1413 1672 1492 Rom.

322 1520 325 1526 '
373 1507 472 1586 narn.
488 1534 551 1609 39.
580 1515 723 1586 Adhaec
749 1513 875 1607 plures
891 1511 1016 1608 Regni
1033 1512 1158 1606 Neap.
1172 1511 1424 1609 Episcopatus
1442 1516 1670 1606 jamdudum

376 1610 401 1685 a
430 1613 540 1688 Rom.
565 1613 809 1688 Pontificibus
843 1614 1040 1710 conjuncti
1071 1621 1180 1686 suut:
1215 1615 1393 1689 nimirum
1414 1615 1676 1694 Abellinensis

376 1736 466 1789 cum
481 1717 733 1813 Frequerrtino
751 1771 764 1804 ,
796 1717 1076 1789 Acheruntinus
1106 1739 1193 1789 cum
1210 1717 1431 1808 Materano,
1448 1720 1671 1817 Anglonen-

377 1815 429 1890 sis
446 1838 533 1892 cum
549 1820 754 1907 Tursiano,
772 1819 971 1915 Aquinatis
988 1840 1074 1892 eum
1092 1819 1357 1906 Pontiscurvi,
1377 1820 1564 1895 Atriensis
1581 1818 1670 1900 cum

372 1915 593 2013 Pennensi,
620 1922 837 2010 Bisaeianus
869 1943 954 1995 cum
974 1921 1011 1994 S.
1026 1922 1168 2018 Angeli
1184 1920 1521 2013 Lombardorum,
1548 1925 1670 2000 Cam·

375 2043 494 2116 panus
511 2047 597 2097 cunr
616 2023 870 2114 Satrianensi,
897 2041 935 2097 et
952 2022 1205 2097 Cancianeusi
1222 2076 1234 2111 ,
1263 2024 1563 2120 Caputaquensis
1580 2050 1668 2125 cum

375 2123 672 2220 Agropolitano,
689 2126 879 2212 Pestan0,
903 2141 941 2199 et
958 2124 1095 2201 Velino
1114 2178 1126 2211 ,
1159 2123 1391 2198 Cariatensis
1413 2149 1500 2200 cum
1516 2124 1669 2203 Geren·

377 2226 480 2300 tiano
497 2283 524 2323 ,¹
541 2226 762 2301 Catecensis
794 2250 881 2300 cum
897 2226 1157 2315 Tabernensi3
1188 2227 1448 2322 Melpbitanus
1481 2251 1567 2302 cum
1593 2233 1669 2306 Ra-

375 2329 560 2422 pollensi,
580 2329 876 2405 Vulturarieusis
893 2353 980 2404 cum
999 2329 1318 2418 Moritiscorvini,
1335 2327 1561 2406 Ortonensis
1579 2357 1673 2410 cum.

375 2427 625 2528 Camplensi,
659 2432 845 2506 scalensis
882 2456 971 2507 cum
1005 2432 1250 2520 Ravellensi,
1283 2431 1548 2529 squillacensis
1579 2461 1667 2514 cum

374 2529 528 2609 Stilano.
561 2532 611 2606 Et
640 2532 678 2605 in
714 2534 922 2609 novissimo
936 2534 1183 2608 Concordato
1205 2555 1268 2605 an.
1287 2553 1380 2630 1741
1414 2535 1512 2608 inter
1530 2536 1670 2615 sedem<

374 2633 510 2734 Apost.
524 2653 563 2711 et
576 2634 663 2710 Utr.
679 2634 814 2710 Siciliae
832 2635 980 2733 Regem
1012 2632 1132 2723 inito,
1158 2650 1286 2708 actum
1316 2658 1464 2733 quoque
1498 2654 1556 2711 est
1583 2656 1664 2716 tum

374 2738 423 2813 de
454 2740 729 2837 conjungendis
758 2736 1135 2835 tenuioribus-Regni
1157 2735 1478 2832 Episcopatibus,
1506 2755 1585 2813 tum
1616 2748 1665 2821 de

372 2837 610 2916 inferioribus
642 2840 852 2932 Ecclesiis,
883 2839 1136 2939 Abbatiisque
1175 2838 1331 2912 Nullius
1367 2837 1664 2922 Catbedralibus
1760 2932 1765 2939 ,

372 2941 621 3017 vicinioribus
639 2941 849 3036 subjectiva
866 2944 1003 3019 unione
1022 2942 1269 3017 adnectendis
1276 2966 1289 3031 3
1314 2956 1353 3015 at
1374 2944 1449 3016 hoc
1467 2948 1664 3038 negotium

370 3045 512 3142 quippe
541 3045 643 3144 quod
679 3045 823 3143 longa,
853 3059 1076 3142 maturaque
1108 3043 1340 3119 discussione
1364 3044 1581 3143 indigeret,
1608 3054 1662 3129 ad

369 3148 643 3243 opportuniora
661 3162 834 3244 tempora
853 3149 1012 3223 dilatum
1044 3148 1225 3222 infectum
1258 3148 1383 3220 adbuc
1411 3151 1551 3222 manet.
1582 3151 1661 3226 De-

369 3267 483 3321 muru-
501 3252 741 3324 Innocentius
757 3252 809 3324 lll
832 3252 924 3343 Cap.
960 3272 975 3321 1
997 3248 1062 3321 Ne
1075 3250 1172 3323 Sede
1202 3263 1361 3320 vacante
1383 3249 1527 3343 aliquid
1556 3254 1662 3327 innn-¹

368 3363 506 3439 vatur,
531 3349 724 3425 Ecclesias
740 3349 1047 3425 Glastoniensem
1067 3402 1079 3435 ,
1113 3363 1150 3419 et
1167 3345 1460 3448 Bathoniensem
1493 3354 1659 3444 primum

366 3447 606 3569 &Caelestipo
618 3450 888 3565 lssconjunctas
900 3506 911 3542 ,
922 3448 1258 3549 achegisAngliae
1276 3449 1501 3546 petitionem
1519 3455 1658 3535 iterum

366 3569 539 3646 sejunxit.

348 3669 383 3726 κ-
416 3679 440 3752 3
468 3656 657 3731 Beneficia
682 3656 825 3730 Curata
858 3654 1134 3751 Monasteriis,
1166 3650 1352 3743 Abbatis,
1380 3655 1655 3754 Dignitatibus,

355 3751 602 3846 ·Praebendis,
627 3755 915 3851 Hospitalibus,
948 3757 1105 3853 aliisque
1125 3755 1310 3852 Collegiis
1333 3757 1433 3829 uniri
1456 3757 1549 3831 ibid.
1562 3763 1653 3858 Syn.

362 3854 585 3939 Tridentina
613 3859 749 3931 vetuit.v
775 3856 826 3931 Et
857 3861 1086 3931 sanenauo
1111 3881 1201 3945 raro¹
1232 3880 1311 3954 per¹
1327 3859 1440 3931 istam
1456 3862 1652 3944 ..unionem

358 3952 542 4035 Ecclesiae
561 3960 802 4036 Parocbiales
820 3959 983 4055 propriis
1005 3960 1258 4034 destituuntur
1276 3960 1488 4054 pastoribus
1506 3987 1581 4036 non
1599 3970 1653 4041 si·

356 4064 537 4161 ue-g‘ravi
555 4065 679 4138 fidelis
696 4064 828 4159 populi
847 4062 1033 4159 pernicie:
1057 4060 1244 4157 Espenius
1257 4063 1303 4138 P.
1319 4062 1377 4135 II
1397 4062 1476 4138 Tit.
1491 4067 1532 4137 X
1535 4068 1577 4138 X
1581 4072 1607 4143 I
1610 4071 1653 4145 X

353 4165 636 4259 cap.IIn.1a.
1367 4218 1371 4222 <
1465 4171 1482 4179 ”
1596 4209 1599 4214 -

407 4290 435 4361 4
460 4267 563 4343 Unio
577 4268 837 4345 Canonicatus
865 4291 952 4343 eum
972 4268 1196 4364 Dignitate,
1223 4282 1288 4352 aut
1312 4266 1501 4344 Beneficio
1524 4269 1655 4349 Cura-³

352 4382 396 4445 to
428 4370 574 4444 facilius
604 4373 869 4459 admittenda,
896 4372 928 4444 si
953 4371 991 4443 in
1019 4371 1153 4444 eadem
1169 4368 1343 4444 Ecclesia
1370 4372 1554 4464 ejusmodi
1573 4373 1648 4467 lle-2
1692 4367 1695 4372 ’

349 4472 487 4549 neiicia
501 4472 825 4567 constitutaesint,
854 4495 969 4573 quam
997 4473 1030 4549 si
1054 4473 1094 4547 in
1114 4472 1275 4550 diversis
1289 4472 1490 4572 Ecclesiis:
1504 4491 1546 4550 et
1564 4477 1647 4573 qui.

463 4634 470 4640 ,
536 4623 538 4626 -
1559 4580 1658 4651 bem
1702 4606 1707 4612 ⁸
