4034 5275
692 470 809 549 Liber
838 470 896 547 II.
925 468 1075 548 Titulus
1104 471 1268 552 XXIII.
1376 478 1378 483 “
1533 503 1611 579 229
1660 511 1664 516 ⁴

354 571 549 649 siasticum
571 570 773 671 ''offfcium,
804 593 842 651 et
869 576 1075 672 beneficium
1107 585 1145 653 in
1173 599 1329 675 persona
1362 581 1484 678 magis
1514 584 1642 662 idonea

302 677 304 680 ’
348 675 577 769 dispensare.

396 780 499 854 XVl.
528 781 672 858 Curata
694 804 786 856 vero
806 780 993 856 Beneficia
1012 782 1218 857 secundum
1245 785 1423 874 iustitiam
1446 786 1637 871 internam

281 947 285 951 .
339 879 584 977 dignioribus
616 885 773 960 omnino
806 886 1038 959 conferenda
1067 908 1178 974 esse,
1216 887 1339 961 nullus
1367 912 1467 962 sanae
1498 897 1636 972 mentis

338 982 512 1061 dubitat:
545 986 755 1082 presertim
779 1009 895 1084 quum
927 987 1101 1061 Trident.
1122 988 1229 1062 Sess.
1252 1011 1361 1064 ων
1384 989 1473 1084 Ref.
1495 1012 1578 1088 cap.
1611 1019 1630 1073 t

336 1084 557 1163 decreverit
588 1089 770 1164 Ecclesiis
805 1089 956 1163 nonnisi
992 1090 1185 1188 digniores
1220 1092 1509 1187 praeficiend0s3
1548 1111 1630 1172 tunt

333 1206 420 1283 cap.
451 1192 496 1265 18
524 1189 619 1267 ibid.
649 1195 698 1267 de
724 1192 888 1267 Perochi
917 1191 1104 1268 electione
1130 1197 1212 1268 haec
1234 1192 1446 1269 habentur:
1478 1197 1634 1293 Episco-

325 1307 407 1383 pus
443 1315 522 1366 cum
557 1296 708 1390 eligat,
739 1317 839 1390 quem
873 1298 1011 1370 ceteris
1043 1299 1163 1391 magis
1195 1295 1354 1371 idonertm
1379 1297 1628 1400 judicaverit:

330 1407 449 1488 atque
477 1397 566 1487 illi,
596 1411 725 1479 ernon
755 1396 871 1470 alteri
900 1401 1054 1472 collatio
1084 1398 1269 1474 Ecclesiae
1300 1398 1349 1471 ab
1380 1422 1420 1472 eo
1442 1400 1547 1494 fiat,
1577 1403 1630 1477 ad

326 1518 435 1589 quem
462 1505 651 1592 spectauit
679 1520 756 1573 earu
782 1495 964 1588 conferre.
1001 1500 1177 1598 Denique
1210 1499 1425 1574 Tridentini
1457 1521 1627 1579 mentem

326 1595 537 1674 dilucidius
564 1601 773 1697 explicasse
792 1601 966 1675 uidetur.
986 1603 1229 1676 Innocentius
1245 1697 1249 1701 .
1266 1603 1318 1677 Xl
1349 1602 1626 1697 proscribendo
1703 1693 1708 1697 ,

331 1699 478 1775 thesim
498 1727 537 1778 n.
556 1723 630 1803 47:
654 1702 775 1801 Quum
789 1701 885 1777 dicit
902 1701 1103 1777 Concilium
1121 1697 1396 1792 Tridentium,
1414 1728 1475 1780 eos
1493 1698 1649 1783 alunis'

293 1834 297 1839 ·
316 1807 501 1894 peccatis
524 1803 797 1879 communicatis
817 1807 1029 1881 mortaliter
1049 1827 1228 1901 peccare,
1251 1810 1315 1902 qui
1339 1809 1415 1882 nisi
1429 1833 1524 1902 *quos
1541 1810 1632 1906 dig-g
1740 1858 1747 1869 ,

324 1906 476 1994 utores,
498 1922 538 1984 et
554 1907 740 1982 Ecclesiae·
755 1911 876 2002 magis
892 1909 1004 1982 utiles
1022 1908 1098 2004 ipsi
1114 1908 1398 2000 iudicaverint,
1419 1909 1471 1982 ad
1487 1911 1623 1985 Eccle.¹

323 2008 414 2080 sias
429 2024 668 2104 moruerunt,
691 2007 889 2083 Concilium
908 2010 1037 2082 Primo
1058 2009 1211 2082 uidetur
1228 2029 1297 2104 per
1318 2010 1384 2084 hoc
1410 2011 1624 2108 Digniores

326 2127 399 2182 non
415 2112 520 2185 aliud
534 2109 747 2206 significare
763 2110 884 2200 velle,
903 2114 978 2184 nisi
994 2111 1216 2207 dignitatem
1233 2110 1477 2208 eligendorum
1495 2168 1506 2200 ,
1525 2137 1624 2187 sum·

330 2222 371 2283 to
397 2217 648 2308 comparativo
672 2233 742 2308 pro
769 2216 966 2308 positivo,
999 2216 1062 2289 vel
1090 2215 1263 2288 Secundo
1294 2214 1473 2288 locutione
1497 2221 1617 2290 trinus

322 2318 483 2408 propria
514 2320 620 2413 ponit
650 2314 878 2413 Digniores,
912 2333 953 2390 ut
985 2317 1159 2391 excludat
1190 2317 1406 2415 indignos,
1435 2341 1503 2391 uon
1534 2340 1624 2396 vero

324 2415 503 2515 Dignos,
528 2419 594 2492 'uel
618 2418 763 2491 tandem
784 2419 947 2513 loquitur
976 2418 1108 2493 Tertio
1129 2417 1269 2514 quaudo
1288 2416 1340 2513 fit
1361 2442 1569 2496 concursus.
1620 2502 1624 2509 ,

343 2539 348 2553 ··
379 2520 501 2595 XVll.
528 2520 722 2594 Patochiae
740 2521 893 2616 itaque,
916 2519 1065 2616 aliaque
1088 2520 1303 2609 Beneficia,
1327 2519 1462 2617 quibus
1481 2522 1652 2616 prima-s

326 2619 386 2700 tio
405 2624 620 2700 animarum
642 2646 734 2697 cura
758 2622 905 2696 adnexa
927 2635 1009 2712 est,
1035 2620 1186 2696 etiarnsi
1202 2621 1520 2717 jurispatronatus
1545 2623 1621 2699 sint
1737 2715 1740 2721 .

325 2722 614 2820 Ecclesiastici,
640 2748 709 2821 per
734 2746 961 2798 concursum
992 2724 1225 2799 conferenda
1251 2725 1408 2800 omnino
1440 2739 1555 2814 sunt,
1580 2741 1621 2801 et

326 2829 482 2928 quidem
508 2830 559 2905 ad
584 2828 847 2925 praescriptum
870 2826 961 2921 Syn.
983 2827 1157 2901 Trideut.
1176 2825 1463 2902 Decretomodo
1484 2827 1620 2901 lauda·
1709 2852 1712 2861 ¹

324 2944 390 3022 to,
413 2932 516 3029 quod
534 2929 618 3005 Pius
641 2930 678 3005 V
707 2932 747 3005 in
764 2928 930 3003 Constit.
956 2931 1000 3004 In
1024 2927 1282 3023 conferendis,
1305 2928 1419 3002 Sacra
1442 2927 1621 3027 Congre-

327 3035 434 3131 gatio
465 3031 631 3107 Concilii
654 3033 757 3123 jussu
786 3029 1000 3105 Clementis
1034 3034 1084 3106 Xl
1116 3031 1178 3104 die
1213 3054 1258 3104 10
1292 3030 1377 3127 Jan.
1409 3053 1470 3104 an.
1506 3052 1619 3131 1721,

328 3150 369 3212 et
390 3136 616 3211 Benedictus
646 3132 736 3209 XlV
760 3132 797 3207 in
816 3133 980 3209 Constit.
1004 3133 1126 3231 Quum
1144 3131 1240 3206 iilud
1256 3132 1306 3207 68
1332 3148 1418 3207 torn.
1446 3154 1461 3205 1
1483 3132 1622 3207 Bulla·

329 3239 385 3313 rii
428 3237 654 3325 firmarunt,
694 3236 961 3331 explicarunt,
1002 3235 1338 3331 ampliaruntque,
1376 3236 1464 3309 data
1502 3237 1620 3310 etiam
1660 3329 1663 3334 ⁴

280 3402 288 3411 .
332 3338 595 3438 dignioribus,
624 3338 655 3412 si
681 3337 744 3434 qui
767 3337 805 3409 in
828 3335 1044 3412 Collatione
1078 3335 1286 3431 posthabiti
1315 3336 1482 3425 fuerint,
1506 3336 1623 3410 facul·

317 3449 414 3516 ‘tate
434 3441 655 3537 adpellandi
679 3434 729 3513 ab
754 3436 1006 3513 irrationabili
1023 3438 1168 3531 judicio
1185 3436 1392 3533 Episcopi,
1418 3452 1456 3511 et
1478 3438 1621 3512 exami-

320 3516 963 3637 ·-natorum“!d‘buetropotiranum,
985 3554 1025 3614 et
1042 3540 1177 3613 Sedem
1196 3540 1457 3636 Apostolicam
1474 3594 1486 3629 ,
1510 3542 1576 3615 vel
1591 3541 1623 3616 si

333 3647 677 3741 Metropolitanus,
697 3660 763 3717 aut
780 3660 951 3717 exemtus
976 3642 1111 3730 fuerit,
1139 3643 1189 3716 ad
1205 3643 1434 3729 ,siciniorem
1460 3642 1622 3739 Episco-

335 3770 455 3845 pum,
481 3762 662 3844 tanquam
688 3743 795 3817 Sedis
827 3744 1057 3840 Apostolicae
1080 3744 1324 3843 delegatum..

336 3903 341 3915 -
386 3851 529 3925 xvur.
555 3847 655 3934 illud
673 3845 737 3919 hic
756 3868 831 3919 non
849 3842 917 3919 abs
936 3868 978 3919 re
995 3847 1067 3921 erit
1089 3844 1321 3934 observare,
1342 3846 1477 3932 Sedem
1497 3846 1624 3943 Apos-

337 3953 494 4028 tolicam
523 3950 726 4025 Parochias
754 3950 805 4023 ad
832 3948 1003 4023 savorem
1034 3964 1148 4023 certae
1177 3970 1346 4043 persone
1378 3952 1414 4022 iu
1448 3950 1623 4024 manibus

336 4054 386 4131 R.
412 4053 603 4129 Pontificis
628 4052 836 4152 resignatas
858 4050 1063 4149 aliquando
1080 4050 1327 4148 resignatario
1345 4050 1518 4127 conferre
1536 4074 1624 4128 con·

337 4157 503 4235 suevisse
518 4157 559 4229 in
583 4155 705 4228 forma
734 4152 927 4250 Dignum,
951 4152 1097 4227 scilicet
1121 4154 1202 4230 sine
1232 4176 1445 4243 concursu,
1474 4170 1513 4230 at
1541 4169 1624 4229 tan·

337 4261 539 4334 tummodo
563 4255 632 4331 sub
654 4255 900 4343 conditione,
930 4256 959 4327 si
988 4257 1147 4330 idoneus
1168 4252 1218 4330 ab
1239 4254 1432 4351 Episcopo
1457 4257 1627 4351 reperia-

337 4373 398 4436 tur
425 4364 463 4436 in
485 4361 661 4436 examine
693 4379 823 4431 coram
855 4355 1108 4453 synodalibus
1137 4356 1459 4432 examinatoribus
1481 4354 1625 4446 haben·

329 4463 405 4541 do.
428 4462 573 4540 Nostro
589 4478 719 4538 tamen
738 4461 778 4537 in
799 4460 936 4558 Regno
959 4460 1104 4559 aliquot
1126 4457 1267 4562 abhinc
1284 4459 1392 4537 annis
1415 4458 1629 4555 hujusmodi
1708 4458 1710 4462 ’

500 4567 502 4572 ’
1117 4563 1168 4639 Fi
1177 4582 1199 4637 2
1338 4626 1340 4630 .
1401 4574 1404 4578 ’
1541 4563 1631 4638 Pon·
