4034 5275
566 547 575 554 ,
726 466 962 547 ruatber-11.
977 467 1130 545 Titulus
1144 465 1239 547 III.
1578 496 1624 549 21

363 581 637 682 pellatisunt,¹
670 586 718 655 eo
747 577 849 678 quod
867 572 1176 651 Catechumenos
1205 573 1255 650 ad
1284 569 1518 672 baptismum
1546 579 1658 656 offer·

355 693 467 766 rents
538 755 542 763 ,
580 751 589 759 ,,
1027 725 1029 728 ·
1636 763 1638 767 ,

416 790 515 864 XIX.
543 785 740 883 Praecipua
769 778 1022 858 Patrinorum*
1044 783 1171 857 munia
1208 796 1345 874 erant,
1378 781 1658 881 baptizanti-um

364 891 593 968 institutioni
613 902 792 987 praeesse,
809 888 1038 984 eosdemque
1054 884 1524 983 Episcopo'baptizandos
1546 891 1659 966 offer·

359 1018 432 1085 re,
465 1010 505 1070 et
523 994 544 1074 ὲ
563 1016 673 1067 sacro
693 993 799 1066 fonte
819 990 1022 1085 suscipere.
1052 989 1170 1064 Porro
1201 989 1448 1065 distinctione
1464 1015 1559 1090 opus
1576 1012 1660 1069 erat

358 1099 556 1179 masculos
575 1097 674 1170 inter
691 1111 730 1170 et
747 1094 945 1183 faeminas,
962 1092 1109 1167 scilicet
1127 1109 1168 1167 ut
1186 1117 1257 1188 pro
1275 1092 1439 1171 illisviri
1457 1151 1469 1184 ,
1497 1119 1544 1171 ac
1573 1097 1658 1193 ple-

357 1224 523 1300 rumque
542 1198 704 1276 Diaconi
721 1222 733 1289 3
765 1221 834 1293 pro
862 1196 920 1271 his
938 1218 1032 1272 vero
1055 1196 1262 1285 mulieres,
1290 1219 1337 1270 ac
1356 1198 1546 1295 praecipue
1563 1201 1659 1276 Dia-

360 1305 518 1380 conissae
542 1305 592 1378 ad
616 1300 803 1396 ejusmodi
834 1321 967 1374 munus
985 1299 1248 1397 seligerentur.
1278 1300 1405 1390 Quum
1429 1303 1529 1375 enim
1553 1319 1660 1379 cate·

289 1426 299 1432 ·
362 1409 560 1483 chumeuae
591 1407 701 1480 nudae
718 1404 758 1479 in
776 1426 892 1501 aquas
921 1403 1270 1499 immergerentur,
1304 1419 1344 1477 et
1372 1425 1418 1478 ex
1436 1407 1549 1503 ,aquis
1577 1430 1659 1482 sus·

325 1542 329 1553 ·
361 1508 551 1605 cipieudae
584 1523 736 1597 essent,
756 1508 847 1581 hinc
869 1506 1007 1602 pudori
1034 1504 1236 1593 muliebri,
1252 1521 1291 1580 et
1309 1509 1501 1583 honestati
1518 1532 1658 1586 consu*

359 1611 519 1686 lendum
538 1611 628 1685 fuit:
645 1609 810 1686 Constit.
823 1609 958 1706 Apost:
974 1607 1095 1711 hii!
1099 1607 1125 1680 I
1127 1611 1153 1684 I
1165 1628 1247 1704 cap.
1260 1608 1320 1683 16.

355 1730 362 1787 ³.
411 1716 491 1791 XX.
519 1713 738 1812 Antiquitas
761 1712 916 1811 quidem
942 1714 1120 1807 parentes
1141 1714 1359 1802 naturales,
1390 1728 1431 1789 ut
1448 1715 1658 1812 plurimum

357 1839 445 1891 suos
472 1817 684 1915 praesertim
718 1815 882 1891 infantes
912 1814 1009 1888 lilios
1034 1812 1227 1909 baptismo
1248 1812 1493 1909 offerebant,
1517 1843 1562 1894 ac
1584 1843 1656 1916 pro
1695 1866 1699 1870 -

353 1918 497 1995 iisdem
528 1916 829 2018 profitebantur,
853 1932 892 1992 et
910 1917 1024 1992 fidem
1052 1915 1312 2014 spondebant:
1336 1922 1568 2018 Augustinus
1582 1924 1658 2020 Ep.

352 2043 421 2120 ag.
436 2024 488 2096 At
505 2045 598 2098 vero
615 2023 805 2099 extraneis
822 2020 940 2095 etiarn
958 2018 1122 2094 dabatur
1140 2021 1179 2093 id
1198 2042 1333 2096 munus
1350 2021 1477 2114 obire,
1499 2048 1657 2120 praeser-

352 2125 429 2199 tim
449 2123 514 2198 ubi
531 2126 580 2197 de
596 2123 779 2219 orphanis
794 2158 818 2211 ,·
837 2120 1047 2216 projectis,
1077 2122 1264 2212 servulis,
1294 2122 1453 2221 aliisque
1476 2127 1515 2200 id
1536 2150 1657 2226 genus

347 2223 599 2323 baptizandis
617 2239 809 2323 ageretur:
824 2223 1055 2322 Augustinus
1068 2221 1162 2297 ibid.
1175 2223 1294 2300 Porro
1310 2226 1499 2322 spirituali
1517 2248 1655 2328 cogna-

352 2328 461 2403 tione
479 2327 656 2427 conjugia
673 2327 879 2401 dirimente
894 2327 1060 2424 sequutis
1076 2326 1313 2423 temporibus
1329 2329 1508 2421 inducta,
1522 2333 1655 2410 Paren-

353 2446 414 2507 tes
438 2433 560 2506 vetati.
578 2446 665 2505 sunt
689 2452 775 2504 suos
792 2429 814 2504 e
833 2428 1024 2526 baptismo
1053 2430 1152 2504 filios
1180 2432 1390 2528 suscipere:
1416 2433 1558 2512 Nullas
1574 2454 1655 2532 pro

350 2541 473 2631 priam
492 2533 639 2627 filium,
668 2547 734 2604 aas
752 2529 872 2625 filiam
894 2530 939 2606 de
959 2532 1073 2623 fonte
1089 2530 1333 2626 baptismatis
1358 2540 1560 2630 suscipiar:
1575 2543 1652 2616 Sin.

355 2638 587 2736 Moguntina
604 2633 697 2711 Can.
710 2658 780 2710 aar.
804 2632 891 2710 Sola
910 2634 1113 2709 necessitas
1130 2652 1308 2730 parentes
1325 2639 1431 2710 omni
1450 2642 1524 2714 hac
1542 2642 1655 2739 inre,

353 2756 398 2817 et
414 2764 548 2836 poena,
562 2755 600 2814 et
618 2740 730 2835 culpa
749 2737 880 2812 solvit:
899 2736 1070 2813 Cantus
1085 2736 1198 2813 Cass.
1214 2762 1262 2836 30
1278 2738 1378 2838 ΩΔ.
1618 2764 1637 2780 ·“

375 2877 379 2888 ·
411 2845 509 2917 XXl.
538 2844 683 2918 Adhaec
698 2856 862 2916 caveant
880 2840 1044 2928 Patrini,
1065 2864 1113 2914 ne
1128 2841 1348 2916 existiment
1366 2846 1562 2939 sponsioni
1579 2872 1657 2928 sure

355 2967 398 3024 se
416 2948 673 3035 satisfacere,
704 2946 748 3019 si.
762 2944 917 3042 aliquod
936 2957 1022 3038 post
1039 2941 1272 3039 baptismum
1291 2967 1426 3022 munus
1444 2945 1656 3046 baptizato,

352 3045 425 3123 srel‘
442 3046 629 3145 baptizati
655 3045 875 3144 parentibus
896 3046 1086 3138 offerant:
1117 3047 1184 3122 sed
1214 3049 1339 3143 potius
1364 3051 1584 3151 intelligant
1615 3080 1657 3133 se

352 3149 517 3226 Christo
532 3150 644 3245 filias
673 3150 927 3245 spiritualiter
944 3172 1154 3250 generare,
1184 3155 1370 3247 tenerique
1384 3177 1431 3226 ea
1448 3160 1490 3228 ai
1506 3156 1656 3257 suscep-

354 3256 477 3329 ·tiaais
504 3279 565 3330 eor
588 3258 627 3327 ia
651 3254 837 3330 catholiea
851 3250 958 3347 fide,
991 3267 1031 3327 et
1056 3253 1189 3348 probis
1219 3254 1378 3329 maribus
1396 3260 1602 3354 instruere,
1619 3268 1657 3339 si

354 3356 459 3432 mado
478 3371 655 3452 parentes
679 3357 747 3440 -haa
766 3356 901 3449 facere
927 3356 1163 3451 neglexerint
1177 3354 1297 3454 juxta
1316 3360 1458 3434 Sacros
1475 3360 1653 3439 Canases:

354 3462 377 3533 -l
400 3457 464 3555 Sy'
516 3460 627 3533 Prov.
649 3456 775 3555 Neap.
808 3455 902 3551 Cap.
926 3476 985 3550 14
1025 3452 1106 3557 (Μ)
1127 3454 1374 3554 cognoscaris
1412 3461 1656 3565 fidejussores

354 3580 409 3657 ap
476 3598 479 3605 ·
518 3587 597 3637 eam
625 3563 825 3637 exstitisse
839 3578 909 3655 pro
925 3561 1040 3647 illis,
1065 3565 1252 3654 ,quosvisi
1274 3566 1369 3638 estis
1384 3566 1428 3639 de
1449 3571 1653 3664 sacrosan

381 3688 401 3738 e
418 3674 619 3760 suscipere:
637 3664 783 3760 ideaque
800 3682 937 3757 semper
953 3686 1015 3737 ens
1031 3662 1235 3751 admonete,
1248 3680 1289 3738 ut
1303 3672 1521 3745 castitatem
1536 3691 1656 3752 castr.
1704 3721 1707 3725 -

355 3764 471 3843 dian:
481 3768 711 3868 ,justitiam
720 3767 912 3861 diligant,
942 3766 1171 3840 charitatem
1186 3781 1346 3843 teneaat.
1362 3770 1398 3842 S:
1414 3772 1574 3869 August.
1589 3778 1656 3862 uel

361 3870 527 3969 quisquis
553 3870 603 3945 sit
629 3883 764 3945 auctor
777 3865 1179 3967 CarfssrtdeCaas'ear.
1195 3868 1305 3945 Dist.
1324 3867 1429 3973 4.('¹}).
1443 3874 1655 3965 Quadam

361 3970 413 4047 ab
435 3973 579 4049 Patriui
613 3994 770 4047 munere
804 3971 1020 4046 exercendo
1042 3974 1254 4068 repellendi
1289 3992 1374 4048 sunt
1400 3983 1656 4057 excommuni-

362 4075 467 4170 cati,
488 4075 709 4164 interdicti,
728 4074 910 4165 infames,
932 4096 979 4152 ac
996 4075 1144 4150 notorie
1154 4073 1335 4172 flagitiosi
1353 4134 1365 4169 ,
1389 4094 1428 4153 et
1443 4082 1656 4179 quiChris·

288 4202 293 4209 ·
363 4179 478 4254 tianae
513 4179 604 4256 fidei
632 4178 850 4260 rudimenta
897 4177 1182 4275 ignoraverint:
1215 4186 1307 4273 syn.
1336 4185 1504 4258 Dioeces.
1529 4188 1655 4287 Neap.

363 4287 425 4358 aa.¹
458 4281 559 4381 1694
577 4282 709 4359 :Para
729 4279 786 4357 ΙΙ
799 4296 896 4375 sap.
912 4289 970 4354 20¹·
984 4279 1377 4379 Nequ'eadmitte'ndi
1399 4292 1496 4362 ''sutr‘t
1512 4289 1654 4366 Moira-

360 4385 459 4477 chi,
491 4384 563 4459 'vel
582 4413 584 4422 ·
603 4382 776 4484 quusuis'
800 4381 1229 4482 OrdinisRegulares,
1265 4402 1329 4460 aut
1355 4386 1544 4466 Moniales
1566 4416 1654 4490 per

364 4488 613 4580 mandalum*
623 4484 932 4594 Pioqiiaiioiiirii.
957 4483 1052 4565 ibid.
1071 4481 1368 4596 (f*)Cailsclil
1378 4490 1423 4572 de
1439 4489 1654 4573 conpareat,

364 4623 405 4672 '..n
1149 4584 1182 4663 C
1201 4608 1224 4663 2
1541 4593 1654 4673 Diri.
