4034 5275
392 512 445 604 §o
701 505 985 582 Institutionum
998 502 1266 583 canonicarum

361 608 466 685 enim
490 606 751 700 contrahens,
772 609 927 685 detecto
953 611 1071 686 etiam
1104 631 1252 698 errore,
1269 606 1561 687 Matrimonium
1575 630 1659 689 oon

365 713 529 787 traxisse
544 767 556 800 ,
570 732 734 808 ,semper
757 727 887 787 tamen
910 727 1061 789 constat
1076 735 1123 787 eo
1141 728 1314 808 tempore
1326 765 1349 802 „
1362 735 1436 809 quo
1452 717 1657 806 contraxit,

362 836 593 889 consensum
631 813 823 905 defuisse:
856 815 896 889 id
929 817 1032 914 quod
1065 815 1155 890 satis
1185 828 1269 904 est,
1300 827 1339 889 ut
1362 815 1656 905 Matrimonium

361 916 410 991 sit
444 917 590 992 nullum
616 915 846 1014 exdesecm
871 939 1103 994 consensus:
1128 916 1221 1016 Cap.
1236 938 1289 1011 2,
1318 931 1359 992 et
1374 936 1402 1013 4
1420 914 1655 1019 deconjogu

362 1042 566 1095 sesumam.
1265 1046 1268 1053 ·

412 1120 516 1197 XVI.
542 1119 662 1195 Error
682 1120 787 1196 circa
804 1122 1054 1222 qualitatem,
1083 1124 1174 1198 hoc.
1187 1135 1245 1198 est
1274 1120 1380 1199 circa
1397 1142 1572 1219 persone
1587 1121 1654 1200 do·

360 1235 444 1314 tes,
468 1225 523 1297 uti
550 1221 818 1313 nobilitatem,
840 1227 1024 1318 divitias,
1055 1225 1237 1300 uirtutem
1253 1224 1331 1300 &m
1361 1225 1655 1305 Matrimonium

361 1347 436 1401 non
470 1326 642 1414 dirimit,
672 1329 824 1402 tarnetsi
849 1328 1005 1404 alterins
1030 1329 1290 1403 contrahentis
1310 1327 1420 1401 dolus
1440 1327 1478 1401 ei
1498 1338 1653 1405 causam

339 1427 535 1518 dederit:
567 1451 683 1526 quum
706 1454 793 1503 nou·
812 1431 912 1504 desit
940 1453 1146 1507 consensus
1170 1429 1363 1504 absolutus
1379 1431 1418 1502 in
1435 1451 1652 1525 personam,

359 1554 447 1605 cum
461 1555 533 1629 qua
547 1548 764 1607 contractus
783 1532 874 1609 initu
883 1557 913 1608 r.
935 1524 1079 1629 Excipe
1097 1548 1243 1620 tamen,
1258 1529 1323 1606 ubi
1337 1532 1525 1624 ejusmodi
1541 1533 1650 1631 quali·

359 1636 458 1709 tatis
474 1655 581 1708 error
597 1653 766 1711 errorem
797 1658 964 1730 personae
986 1635 1098 1711 simul
1120 1635 1365 1728 conjunctum
1396 1631 1556 1726 habeam
1571 1657 1606 1709 e.
1614 1659 1650 1735 g.

358 1729 391 1809 si
425 1738 486 1809 cui
520 1736 663 1810 volenti
693 1736 986 1835 primogenitam
1019 1740 1184 1826 ducere,
1214 1734 1440 1813 obtrudatur
1464 1739 1650 1813 secundo·-

359 1839 515 1936 genita,
546 1849 660 1934 quam
683 1861 758 1911 non
777 1841 910 1914 novit:
941 1841 1034 1913 item
1062 1839 1127 1913 ubi
1155 1860 1382 1914 consensum
1401 1853 1563 1935 praestes·
1581 1838 1647 1916 sub

357 1943 434 2037 ejus
464 1941 655 2038 qualitatis
679 1940 926 2030 conditione,
956 1942 1060 2016 circa
1089 1962 1203 2038 quam
1234 1956 1399 2015 erratur:
1419 1961 1455 2015 e.
1477 1966 1516 2039 g.
1535 1964 1646 2043 quum

356 2045 482 2121 dicas:
495 2042 655 2137 Accipio
672 2056 710 2120 tc
722 2045 761 2117 in
779 2066 952 2132 uxorem,
980 2048 1015 2119 si
1046 2067 1086 2118 es
1116 2044 1253 2139 uirgo,
1276 2066 1381 2119 secus
1397 2058 1435 2117 ts
1456 2048 1649 2121 noo-arci·

351 2151 428 2242 pio.
451 2146 553 2221 Binis
576 2146 680 2221 hisce
710 2143 860 2222 casibus
876 2145 1166 2222 Matrimonium
1190 2143 1307 2221 dubio
1330 2144 1464 2240 procul
1486 2146 1648 2222 estaol«.

356 2250 435 2324 lum
466 2270 513 2321 ex
543 2248 693 2321 deiectu
724 2271 950 2322 consensus:
994 2249 1142 2324 animus
1170 2247 1274 2322 enim
1304 2249 1568 2325 contrahentis
1595 2249 1647 2327 ita

355 2350 395 2425 in
427 2350 719 2425 determinatam
743 2351 967 2447 ‚qualitatem
998 2351 1142 2436 fertur,
1176 2363 1219 2423 ut
1253 2349 1351 2425 nolit
1380 2371 1532 2445 prorsus
1559 2372 1646 2427 cum

353 2472 515 2549 persona
553 2453 807 2539 contrahere,
842 2454 872 2549 si
907 2455 943 2527 ei
974 2452 1040 2527 illa
1068 2451 1168 2527 desit
1198 2451 1384 2550 qualitas:
1408 2450 1450 2526 S.
1477 2452 1647 2530 Thomas

353 2557 394 2631 iu
417 2553 440 2631 I
443 2551 491 2627 V
503 2552 654 2628 Senteu.
673 2553 784 2629 Dist,
800 2554 841 2627 X
847 2555 889 2628 X
893 2553 936 2628 X
949 2553 1159 2653 Q.Iort.2
1178 2553 1229 2627 nd
1245 2576 1291 2652 4,
1308 2567 1347 2628 et
1366 2572 1403 2647 ς.

405 2659 523 2734 XVll.
551 2656 669 2733 Error
698 2656 800 2733 circa
831 2660 1105 2734 conditionem.
1126 2649 1367 2735 Conditionis
1398 2656 1550 2733 nomine
1578 2649 1644 2734 iric

352 2762 578 2861 intelligitus
595 2776 713 2838 status
731 2760 935 2835 seruitutis,
961 2762 1046 2859 lam
1069 2782 1163 2837 vero
1177 2759 1280 2840 serui
1308 2758 1374 2834 alii
1391 2775 1479 2836 sunt
1496 2760 1647 2836 domes*

351 2863 420 2940 tici
436 2921 449 2956 ,
476 2864 540 2963 qui
573 2886 709 2959 operas
738 2885 821 2937 suas
840 2867 933 2937 hero
952 2865 1102 2952 locant,
1125 2878 1237 2961 pacta
1255 2885 1326 2958 pro
1344 2861 1481 2938 iisdem
1499 2885 1643 2940 merce·

353 2966 422 3058 des
442 2967 507 3041 aiii
525 2965 773 3062 adscriptitii,
794 2987 858 3039 seu
873 2965 1020 3062 glebae,
1039 2967 1104 3065 qui
1121 2965 1339 3041 excolendis
1357 2964 1471 3040 certis
1488 2963 1644 3063 quibus-

354 3069 445 3145 dam
462 3071 563 3169 agri-s
584 3085 670 3145 sunt
692 3068 837 3144 addicti
859 3069 909 3143 ad
929 3091 1191 3168 quemcunque
1219 3067 1419 3142 dominum
1441 3067 1483 3144 hi
1504 3081 1646 3164 specta·

352 3171 459 3274 tint3
484 3171 550 3246 alii
568 3172 723 3245 demum
740 3188 826 3245 sunt
844 3172 944 3245 servi
961 3172 1091 3245 stricte
1121 3172 1262 3258 sumti,
1289 3186 1328 3246 et
1356 3168 1531 3265 proprius
1547 3169 1646 3250 dicti

354 3274 573 3373 mancipia,
606 3274 643 3350 in
669 3297 766 3373 quos
794 3273 971 3348 dominus
1004 3276 1158 3370 plenum
1193 3272 1335 3363 habet,
1362 3287 1402 3347 et
1425 3269 1645 3348 absolutum

353 3379 596 3466 dominium,
626 3379 771 3453 scilicet
798 3400 863 3453 eos
892 3378 1115 3466 vendendi,
1139 3375 1318 3464 locandi,
1342 3390 1381 3452 et
1405 3373 1446 3448 in
1473 3372 1541 3462 iis,
1558 3395 1643 3472 quae

353 3479 425 3575 ipsi
445 3484 564 3579 magis
581 3477 788 3567 libuerint,
809 3478 987 3575 operibns
1003 3480 1231 3574 occupandi.
1252 3481 1307 3552 De
1325 3476 1447 3550 servis
1460 3475 1645 3571 domesti-

353 3582 429 3671 cis,
446 3601 485 3657 et
503 3581 747 3676 adscriptitiis
768 3583 871 3656 nulla
886 3582 949 3654 hic
965 3582 1139 3679 quaestio:
1157 3604 1270 3679 quum
1291 3581 1396 3656 enim
1413 3575 1504 3654 uet'e
1526 3574 1642 3652 liberi

353 3685 452 3774 sint,
469 3683 738 3771 Matrimonia,
767 3684 797 3755 si
818 3707 899 3781 quse
920 3706 1007 3780 cum
1030 3683 1169 3759 iisdem¹
1187 3685 1488 3770 contrahantur,
1510 3679 1642 3758 valida

353 3804 465 3878 sunt,
486 3788 575 3860 licet
594 3786 743 3860 servilis
761 3787 969 3859 eorundem
987 3788 1158 3861 conditio
1178 3785 1385 3883 ignoretur.

401 3891 537 3966 XVlll.
567 3896 617 3967 As
640 3890 688 3963 ad
721 3888 909 3983 mancipia
938 3890 1040 3986 quod
1071 3890 1230 3963 attinet:
1258 3892 1344 3983 jure
1362 3886 1638 3975 Romanorum,

350 3994 452 4092 quod
476 3993 680 4089 antiquitus
699 4000 858 4087 'sequuta
886 3991 1034 4068 videtur
1061 3991 1262 4081 Echesm,
1289 3988 1463 4065 conditio
1491 3989 1649 4066 servilis·

350 4107 588 4174 contractum
608 4094 894 4169 Matrimonium
929 4092 1161 4169 dirimebat:
1190 4109 1302 4191 atque
1324 4093 1424 4170 inter
1459 4111 1638 4195 personas

350 4199 499 4274 seruilis
516 4198 743 4273 conditionis
765 4221 839 4270 non
860 4196 1167 4283 Matrimonium,
1191 4198 1256 4270 sed
1277 4191 1570 4292 contubernium
1592 4215 1656 4268 es·¹

351 4325 393 4375 se
417 4300 656 4378 censebatur:
686 4300 774 4395 Leg.
792 4300 834 4373 X
841 4299 864 4374 I
868 4290 916 4370 'V
928 4297 1023 4394 Dig.
1048 4297 1091 4373 de
1110 4298 1202 4376 Ritu
1221 4296 1343 4392 Nupt.
1375 4295 1494 4370 Porro
1510 4295 1640 4370 Eccle-

351 4402 446 4484 siam
465 4403 639 4501 eonjogia
658 4404 756 4477 inter
773 4403 956 4496 eiusmodi
984 4424 1189 4497 personas,
1220 4396 1287 4475 ubi
1302 4419 1509 4494 consensus
1524 4398 1663 4484 domi-1,

350 4526 488 4583 norum
516 4529 593 4596 non
612 4506 876 4584 intervenisset
892 4560 904 4598 ,
921 4553 923 4558 -
935 4526 1006 4604 pro
1034 4505 1149 4582 nullis
1177 4498 1380 4598 habuisse,
1408 4517 1523 4602 atque
1541 4502 1653 4678 adgiu·
1686 4577 1692 4592 ,
