4034 5275
727 459 1018 542 Institutionum
1053 447 1325 539 canonicarum

613 676 1415 833 strutusruruus
1521 759 1527 773 ·

553 974 646 1056 -lte
665 977 806 1061 Rerum
846 976 1205 1059 Eccustasucarao
1239 977 1454 1064 Diuisione.
1561 1032 1565 1037 ·
1642 1031 1645 1037 ·

384 1293 418 1368 1.
444 1231 567 1369 Res
589 1270 897 1386 Ecclesiasticus,
922 1274 1098 1384 scilicet,
1120 1317 1213 1395 quas
1232 1295 1296 1395 Jus
1318 1276 1559 1373 Canonicurn
1581 1318 1667 1375 res·

364 1395 482 1492 picit,
496 1397 563 1471 vel
579 1394 814 1494 Spiritualcs
831 1414 943 1488 snut,
961 1399 1024 1472 vel
1041 1397 1282 1494 Temporalcs.
1299 1399 1537 1495 Spiritualcr
1550 1420 1666 1501 ,quae

363 1501 580 1576 animarum
596 1503 784 1592 salutem,
809 1524 1016 1601 earumque
1029 1516 1216 1577 ¹aeternatn
1234 1500 1513 1578 beatitudinem
1529 1559 1541 1594 ,
1560 1503 1670 1579 velu-

253 1669 256 1673 ,
363 1602 396 1676 ti
417 1604 742 1698 proprium-...m
758 1604 938 1707 objectum
960 1620 1152 1702 spectant.
1175 1604 1294 1679 Porro
1315 1607 1403 1696 be,
1428 1607 1491 1681 vel
1511 1627 1658 1694 rupture

361 1725 539 1800 corporea
554 1708 719 1804 quadam
742 1705 979 1795 substantia,
1002 1723 1041 1782 et
1059 1705 1255 1797 sensibili,
1286 1708 1405 1782 veluti
1428 1707 1666 1806 obteguntur
1700 1757 1703 1762 -

364 1807 421 1883 uti
450 1809 725 1899 Sacramenta,
756 1809 980 1899 Sacrificia,
1012 1809 1176 1900 Preces,
1210 1809 1320 1883 Ritus
1355 1811 1454 1886 socri
1488 1811 1572 1886 &cs
1599 1813 1667 1911 vol

252 1909 257 1919 '
359 1908 792 2006 r.u....'.'.-rncorporeum
813 1912 906 2010 quid
924 1927 1039 2002 sunt,
1060 1928 1101 1986 et
1118 1910 1364 2006 insensibile,
1388 1913 1443 1988 uti
1466 1911 1516 1985 V
1511 1917 1667 2010 irtuter,

354 2013 592 2111 ,multiplices
622 2016 801 2111 Spiritus
831 2016 878 2093 S.
914 2017 1147 2092 Donationcs
1182 2013 1260 2093 dre.
1293 2013 1523 2111 Temporales
1540 2029 1697 2116 ,ηπ

355 2115 432 2207 ¹uel
466 2113 622 2212 publico
647 2119 766 2195 cultui
789 2119 923 2198 divino
951 2117 1201 2217 peragendo,
1236 2117 1298 2193 vel
1331 2140 1510 2213 congrua
1536 2116 1669 2196 Cleri·

365 2240 501 2294 corum
526 2220 791 2296 sustentationi
822 2236 910 2294 sunt
938 2218 1166 2310 destinatae,
1189 2217 1245 2293 uti
1274 2215 1467 2313 Decimo,
1485 2217 1671 2301 Oblatio-

316 2359 320 2367 s
354 2314 467 2420 πω,
493 2317 657 2398 Rediens
676 2345 723 2397 ec
746 2321 945 2420 Beneficiis
967 2322 1045 2401 &c-
1436 2328 1440 2333 ’
1636 2322 1640 2333 “

321 2452 324 2458 ·
420 2425 472 2499 ll.
498 2422 560 2498 Ad
578 2448 638 2500 res
655 2425 870 2523 spirituales
891 2435 1057 2521 ..uantur
1084 2443 1304 2520 corporeos,
1326 2421 1405 2527 (de
1421 2438 1579 2509 uerutum
1610 2430 1670 2502 irr-

367 2531 555 2624 corporeis
585 2530 766 2605 tractatio
794 2542 1031 2605 reservatum
1060 2528 1272 2627 Theologis·
1298 2524 1521 2630 peculium)
1549 2528 1668 2633 vulgo

366 2629 631 2710 dCauonistis
648 2634 865 2709 referuntur
886 2632 966 2711 Res
989 2630 1153 2723 Suorae,
1177 2633 1362 2722 sanctu,
1384 2647 1423 2707 et
1444 2631 1669 2732 Religiosae.
1695 2667 1698 2674 ·

348 2734 424 2812 --At
448 2736 599 2815 felicius
622 2738 781 2813 fortasse
808 2737 875 2811 alii
900 2736 991 2810 ista-s
1024 2736 1194 2814 medium
1209 2735 1438 2832 spirituales
1467 2736 1599 2829 inler,
1626 2750 1669 2814 et

349 2832 594 2934 ‚corporales
615 2840 793 2917 ordinem
820 2838 1067 2916 constituere·
1084 2838 1347 2929 contendunt,
1376 2854 1558 2937 tanquam
1587 2839 1669 2937 spi-

347 3021 354 3030 „
368 2938 581 3041 ritualibus.
605 2944 832 3031 inferiores,
858 2959 899 3020 et
924 2940 1200 3040 temporalibus
1230 2941 1414 3037 potiores.
1441 2944 1671 3046 Huiusmodi

351 3045 460 3146 ‚sunt
483 3066 574 3120 vasa
595 3069 739 3137 sacra,
766 3047 865 3125 ades
888 3068 1033 3134 sacrae,
1057 3043 1282 3125 coemeteria
1305 3044 1385 3122 illc.

309 3241 313 3250 .
407 3146 492 3222 ill.
520 3147 625 3221 Num
647 3149 791 3255 aliquid
808 3172 869 3225 res
890 3149 1023 3245 Saccas
1043 3149 1170 3244 inter,
1191 3146 1377 3242 Sanctus,
1397 3163 1436 3225 et
1452 3149 1672 3250 Religiosas

351 3249 610 3327 ‘discriminis
628 3252 793 3342 intersit,
805 3256 917 3347 juvat
934 3252 1004 3324 bic*
1015 3250 1146 3346 paucis
1163 3249 1366 3348 inquirere.
1384 3252 1444 3327 Ac
1489 3253 1586 3327 rimo
1603 3249 1671 3329 sa·

373 3356 482 3431 cerui
496 3350 570 3439 uit
590 3377 720 3448 aecer,
735 3361 812 3431 hoc
829 3372 886 3430 est
901 3356 1097 3442 memoria,
1117 3354 1325 3428 deductum
1344 3354 1426 3430 uult
1494 3354 1674 3429 azocbius

375 3456 414 3532 in
448 3458 731 3535 Additamentis
759 3461 811 3534 ad
840 3456 1025 3530 Vosiumr
1054 3457 1155 3529 unde
1177 3478 1284 3531 sacra
1316 3457 1421 3529 dicta
1450 3458 1552 3546 sint,
1585 3480 1670 3555 quae

376 3564 571 3639 memoria·
604 3563 779 3637 mandari
803 3562 970 3635 deceret.
994 3559 1085 3632 Non
1116 3556 1184 3632 abs
1207 3582 1248 3634 re
1273 3558 1387 3655 igitur
1416 3556 1456 3630 in
1472 3541 1557 3649 Juie
1578 3582 1671 3634 nos·

374 3674 436 3739 trd
452 3668 568 3741 Sacra
586 3664 786 3754 dicuntur,
802 3680 883 3737 tum
900 3687 983 3761 quae
998 3662 1131 3736 divino
1147 3660 1266 3737 cultui
1283 3681 1433 3759 quoquo
1450 3660 1567 3734 modo
1580 3632 1670 3737 suut

376 3762 593 3846 destinata:
621 3769 676 3843 uti
698 3768 909 3855 recussu,
935 3766 1129 3855 Altaria,
1153 3765 1375 3841 Sanctorum
1396 3763 1567 3861 reliquiae
1592 3762 1673 3840 &c

375 3887 517 3948 tumet
540 3870 723 3948 strictiori
746 3871 926 3960 notione,
951 3892 1024 3973 qua
1046 3868 1224 3943 sollemni
1246 3870 1321 3943 ritu
1341 3888 1410 3962 per
1428 3864 1668 3963 Episcopum

377 3977 463 4054 Deo
493 3977 623 4050 dicata
655 3989 766 4051 sunt:
798 3974 852 4049 uti
886 3971 1063 4061 Calices,
1101 3970 1296 4061 Altaria,
1329 3971 1443 4044 Vasa
1473 3968 1672 4063 sacrificii,

375 4084 541 4173 ipsaernet
571 4099 695 4152 sucrae
722 4077 843 4153 AEdes
874 4076 952 4153 &c
980 4078 1043 4150 'De
1076 4074 1134 4148 bis
1159 4074 1261 4147 enim
1290 4072 1465 4169 specialis
1492 4075 1670 4171 quaedam

376 4183 563 4258 memoria
586 4184 773 4259 servanda
792 4176 876 4273 est,
906 4203 954 4255 ne
982 4178 1068 4256 Deo
1096 4178 1217 4255 semel
1237 4178 1366 4255 dicata
1390 4175 1559 4273 profanis
1590 4178 1670 4254 usi·

379 4281 450 4364 bus
478 4282 746 4361 adhibeantur.

432 4388 497 4465 lV.
525 4390 693 4464 Sanctae:
718 4413 766 4464 ex
790 4386 961 4486 pluribus
990 4389 1146 4480 hujusce
1170 4384 1351 4463 vocabuli
1379 4397 1514 4477 trouu,
1538 4383 1578 4459 id
1602 4400 1675 4477 est,

371 4493 613 4614 'etymologiis
640 4494 734 4573 illud
762 4494 888 4594 potius
919 4491 1097 4587 videtur,
1125 4491 1242 4570 ursit
1267 4487 1539 4583 Mancinum
1571 4490 1674 4566 unde

348 4609 412 4666 “ri
1468 4637 1470 4640 ·
1563 4613 1677 4670 sanc·
