<?xml version="1.0" encoding="UTF-8"?>
<!DOCTYPE html PUBLIC "-//W3C//DTD XHTML 1.0 Transitional//EN"
    "http://www.w3.org/TR/xhtml1/DTD/xhtml1-transitional.dtd">
<html xmlns="http://www.w3.org/1999/xhtml" xml:lang="en" lang="en">
 <head>
  <title>
</title>
<meta http-equiv="Content-Type" content="text/html;charset=utf-8" />
  <meta name='ocr-system' content='tesseract 3.04.00' />
  <meta name='ocr-capabilities' content='ocr_page ocr_carea ocr_par ocr_line ocrx_word'/>
</head>
<body>
  <div class='ocr_page' id='page_1' title='image "./institutionumca00selvgoog_0166.png"; bbox 0 0 4034 5275; ppageno 0'>
   <div class='ocr_carea' id='block_1_1' title="bbox 330 499 1716 4697">
    <p class='ocr_par' dir='ltr' id='par_1_1' title="bbox 375 499 1716 2448">
     <span class='ocr_line' id='line_1_1' title="bbox 453 499 1474 598; baseline -0.001 -22"><span class='ocrx_word' id='word_1_1' title='bbox 453 522 527 598; x_wconf 82' lang='lat'>154</span> <span class='ocrx_word' id='word_1_2' title='bbox 786 501 1070 576; x_wconf 76' lang='lat' dir='ltr'><em>Institutionum</em></span> <span class='ocrx_word' id='word_1_3' title='bbox 1088 499 1370 578; x_wconf 64' lang='lat' dir='ltr'>”Canoniraruut</span> <span class='ocrx_word' id='word_1_4' title='bbox 1413 558 1415 563; x_wconf 81' lang='lat'><em>.</em></span> <span class='ocrx_word' id='word_1_5' title='bbox 1471 504 1474 515; x_wconf 84' lang='grc'><em>’</em></span> 
     </span>
     <span class='ocr_line' id='line_1_2' title="bbox 419 603 1716 706; baseline 0 -25"><span class='ocrx_word' id='word_1_6' title='bbox 419 620 499 681; x_wconf 92' lang='lat' dir='ltr'>tem</span> <span class='ocrx_word' id='word_1_7' title='bbox 527 603 792 682; x_wconf 78' lang='lat' dir='ltr'>adfectarent:</span> <span class='ocrx_word' id='word_1_8' title='bbox 824 621 865 680; x_wconf 91' lang='lat' dir='ltr'>at</span> <span class='ocrx_word' id='word_1_9' title='bbox 895 605 986 678; x_wconf 92' lang='lat' dir='ltr'>hinc</span> <span class='ocrx_word' id='word_1_10' title='bbox 1014 604 1157 679; x_wconf 85' lang='lat' dir='ltr'>factum</span> <span class='ocrx_word' id='word_1_11' title='bbox 1188 621 1273 693; x_wconf 80' lang='lat' dir='ltr'>est,</span> <span class='ocrx_word' id='word_1_12' title='bbox 1300 619 1342 680; x_wconf 90' lang='lat' dir='ltr'>ut</span> <span class='ocrx_word' id='word_1_13' title='bbox 1372 611 1490 706; x_wconf 77' lang='lat' dir='ltr'>tantae</span> <span class='ocrx_word' id='word_1_14' title='bbox 1520 623 1615 703; x_wconf 85' lang='lat' dir='ltr'>opus</span> <span class='ocrx_word' id='word_1_15' title='bbox 1641 606 1716 700; x_wconf 62' lang='lat' dir='ltr'>mi·⁴</span> 
     </span>
     <span class='ocr_line' id='line_1_3' title="bbox 415 707 1712 806; baseline 0 -22"><span class='ocrx_word' id='word_1_16' title='bbox 415 708 632 799; x_wconf 82' lang='lat' dir='ltr'>sericordiae</span> <span class='ocrx_word' id='word_1_17' title='bbox 648 762 661 797; x_wconf 94' lang='lat'>,</span> <span class='ocrx_word' id='word_1_18' title='bbox 679 709 781 806; x_wconf 91' lang='lat' dir='ltr'>quod</span> <span class='ocrx_word' id='word_1_19' title='bbox 798 707 962 806; x_wconf 80' lang='lat' dir='ltr'>antiquis</span> <span class='ocrx_word' id='word_1_20' title='bbox 980 709 1226 792; x_wconf 79' lang='lat' dir='ltr'>sanctissimis</span> <span class='ocrx_word' id='word_1_21' title='bbox 1243 707 1444 804; x_wconf 86' lang='lat' dir='ltr'>Episcopis</span> <span class='ocrx_word' id='word_1_22' title='bbox 1458 708 1477 797; x_wconf 82' lang='lat'>‚&#39;</span> <span class='ocrx_word' id='word_1_23' title='bbox 1495 721 1606 805; x_wconf 88' lang='lat' dir='ltr'>atque</span> <span class='ocrx_word' id='word_1_24' title='bbox 1624 713 1712 803; x_wconf 82' lang='lat' dir='ltr'>pro·</span> 
     </span>
     <span class='ocr_line' id='line_1_4' title="bbox 419 810 1711 910; baseline -0.001 -24"><span class='ocrx_word' id='word_1_25' title='bbox 419 835 470 910; x_wconf 90' lang='lat' dir='ltr'>pe</span> <span class='ocrx_word' id='word_1_26' title='bbox 490 811 680 902; x_wconf 85' lang='lat' dir='ltr'>dixerim,</span> <span class='ocrx_word' id='word_1_27' title='bbox 703 811 792 906; x_wconf 90' lang='lat' dir='ltr'>ipsis</span> <span class='ocrx_word' id='word_1_28' title='bbox 810 811 1003 908; x_wconf 84' lang='lat' dir='ltr'>Apostolis</span> <span class='ocrx_word' id='word_1_29' title='bbox 1021 813 1117 887; x_wconf 90' lang='lat' dir='ltr'>adeo</span> <span class='ocrx_word' id='word_1_30' title='bbox 1134 812 1242 887; x_wconf 91' lang='lat' dir='ltr'>cordi</span> <span class='ocrx_word' id='word_1_31' title='bbox 1260 811 1406 898; x_wconf 83' lang='lat' dir='ltr'>iuerat,</span> <span class='ocrx_word' id='word_1_32' title='bbox 1429 810 1625 905; x_wconf 80' lang='lat' dir='ltr'>paullatim</span> <span class='ocrx_word' id='word_1_33' title='bbox 1644 813 1711 885; x_wconf 90' lang='lat' dir='ltr'>de·</span> 
     </span>
     <span class='ocr_line' id='line_1_5' title="bbox 420 911 1708 1015; baseline -0.002 -26"><span class='ocrx_word' id='word_1_34' title='bbox 420 916 576 990; x_wconf 90' lang='lat' dir='ltr'>cideret.</span> <span class='ocrx_word' id='word_1_35' title='bbox 610 914 788 1012; x_wconf 88' lang='lat' dir='ltr'>Namque</span> <span class='ocrx_word' id='word_1_36' title='bbox 824 930 865 988; x_wconf 89' lang='lat' dir='ltr'>ut</span> <span class='ocrx_word' id='word_1_37' title='bbox 896 936 979 988; x_wconf 89' lang='lat' dir='ltr'>rem</span> <span class='ocrx_word' id='word_1_38' title='bbox 1012 917 1114 989; x_wconf 87' lang='lat' dir='ltr'>hanc</span> <span class='ocrx_word' id='word_1_39' title='bbox 1142 914 1344 1011; x_wconf 87' lang='lat' dir='ltr'>deplorant</span> <span class='ocrx_word' id='word_1_40' title='bbox 1376 913 1505 988; x_wconf 89' lang='lat' dir='ltr'>Patres</span> <span class='ocrx_word' id='word_1_41' title='bbox 1541 911 1708 1015; x_wconf 86' lang='lat' dir='ltr'>Concilii</span> 
     </span>
     <span class='ocr_line' id='line_1_6' title="bbox 419 1016 1714 1112; baseline 0 -22"><span class='ocrx_word' id='word_1_42' title='bbox 419 1016 668 1097; x_wconf 87' lang='lat' dir='ltr'>Viennensis:</span> <span class='ocrx_word' id='word_1_43' title='bbox 697 1016 883 1110; x_wconf 86' lang='lat' dir='ltr'>Praefecti</span> <span class='ocrx_word' id='word_1_44' title='bbox 906 1017 969 1089; x_wconf 91' lang='lat' dir='ltr'>illi</span> <span class='ocrx_word' id='word_1_45' title='bbox 988 1030 1190 1112; x_wconf 57' lang='lat' dir='ltr'>mouentur</span> <span class='ocrx_word' id='word_1_46' title='bbox 1216 1021 1255 1092; x_wconf 89' lang='lat' dir='ltr'>in</span> <span class='ocrx_word' id='word_1_47' title='bbox 1281 1038 1476 1091; x_wconf 82' lang='lat' dir='ltr'>suasurus</span> <span class='ocrx_word' id='word_1_48' title='bbox 1498 1018 1714 1091; x_wconf 82' lang='lat' dir='ltr'>converten-</span> 
     </span>
     <span class='ocr_line' id='line_1_7' title="bbox 414 1116 1709 1216; baseline -0.001 -22"><span class='ocrx_word' id='word_1_49' title='bbox 414 1133 474 1194; x_wconf 88' lang='lat' dir='ltr'>tes</span> <span class='ocrx_word' id='word_1_50' title='bbox 495 1119 702 1215; x_wconf 82' lang='lat' dir='ltr'>hospitalia</span> <span class='ocrx_word' id='word_1_51' title='bbox 723 1122 809 1213; x_wconf 91' lang='lat' dir='ltr'>ipsa</span> <span class='ocrx_word' id='word_1_52' title='bbox 832 1118 997 1211; x_wconf 85' lang='lat' dir='ltr'>collabi,</span> <span class='ocrx_word' id='word_1_53' title='bbox 1023 1119 1168 1212; x_wconf 88' lang='lat' dir='ltr'>domus,</span> <span class='ocrx_word' id='word_1_54' title='bbox 1190 1139 1229 1197; x_wconf 89' lang='lat' dir='ltr'>et</span> <span class='ocrx_word' id='word_1_55' title='bbox 1254 1120 1417 1216; x_wconf 74' lang='lat' dir='ltr'>aedificia</span> <span class='ocrx_word' id='word_1_56' title='bbox 1438 1120 1559 1192; x_wconf 87' lang='lat' dir='ltr'>ruinis</span> <span class='ocrx_word' id='word_1_57' title='bbox 1577 1116 1709 1214; x_wconf 68' lang='lat' dir='ltr'>defers·</span> 
     </span>
     <span class='ocr_line' id='line_1_8' title="bbox 417 1219 1710 1325; baseline -0.002 -29"><span class='ocrx_word' id='word_1_58' title='bbox 417 1225 542 1312; x_wconf 83' lang='lat' dir='ltr'>nari,</span> <span class='ocrx_word' id='word_1_59' title='bbox 570 1240 680 1316; x_wconf 87' lang='lat' dir='ltr'>atque</span> <span class='ocrx_word' id='word_1_60' title='bbox 700 1221 788 1297; x_wconf 88' lang='lat' dir='ltr'>adeo</span> <span class='ocrx_word' id='word_1_61' title='bbox 806 1240 1010 1318; x_wconf 81' lang='lat' dir='ltr'>pauperes,</span> <span class='ocrx_word' id='word_1_62' title='bbox 1033 1246 1163 1311; x_wconf 88' lang='lat' dir='ltr'>senes,</span> <span class='ocrx_word' id='word_1_63' title='bbox 1187 1239 1350 1320; x_wconf 72' lang='lat' dir='ltr'>aegrotos</span> <span class='ocrx_word' id='word_1_64' title='bbox 1373 1219 1538 1316; x_wconf 82' lang='lat' dir='ltr'>publicis</span> <span class='ocrx_word' id='word_1_65' title='bbox 1561 1223 1600 1293; x_wconf 88' lang='lat' dir='ltr'>in</span> <span class='ocrx_word' id='word_1_66' title='bbox 1631 1223 1710 1325; x_wconf 82' lang='lat' dir='ltr'>viis</span> 
     </span>
     <span class='ocr_line' id='line_1_9' title="bbox 419 1322 1714 1420; baseline 0.001 -23"><span class='ocrx_word' id='word_1_67' title='bbox 419 1327 513 1397; x_wconf 86' lang='lat' dir='ltr'>omni</span> <span class='ocrx_word' id='word_1_68' title='bbox 541 1327 695 1400; x_wconf 86' lang='lat' dir='ltr'>humana</span> <span class='ocrx_word' id='word_1_69' title='bbox 719 1343 789 1418; x_wconf 85' lang='lat' dir='ltr'>ope</span> <span class='ocrx_word' id='word_1_70' title='bbox 819 1325 1023 1401; x_wconf 87' lang='lat' dir='ltr'>destitutos</span> <span class='ocrx_word' id='word_1_71' title='bbox 1047 1322 1172 1420; x_wconf 85' lang='lat' dir='ltr'>perire</span> <span class='ocrx_word' id='word_1_72' title='bbox 1202 1326 1466 1417; x_wconf 63' lang='lat' dir='ltr'>inhumanitati</span> <span class='ocrx_word' id='word_1_73' title='bbox 1474 1329 1714 1418; x_wconf 83' lang='lat' dir='ltr'>permittunt.</span> 
     </span>
     <span class='ocr_line' id='line_1_10' title="bbox 375 1421 1707 1527; baseline 0.002 -29"><span class='ocrx_word' id='word_1_74' title='bbox 375 1436 377 1439; x_wconf 82' lang='grc'><strong>’</strong></span> <span class='ocrx_word' id='word_1_75' title='bbox 413 1421 494 1527; x_wconf 65' lang='lat' dir='ltr'>(aa)</span> <span class='ocrx_word' id='word_1_76' title='bbox 509 1429 552 1499; x_wconf 92' lang='lat' dir='ltr'>ln</span> <span class='ocrx_word' id='word_1_77' title='bbox 572 1426 755 1522; x_wconf 85' lang='lat' dir='ltr'>Hispania</span> <span class='ocrx_word' id='word_1_78' title='bbox 777 1442 856 1501; x_wconf 91' lang='lat' dir='ltr'>tota</span> <span class='ocrx_word' id='word_1_79' title='bbox 874 1428 1130 1524; x_wconf 84' lang='lat' dir='ltr'>Hospitalium</span> <span class='ocrx_word' id='word_1_80' title='bbox 1147 1451 1239 1504; x_wconf 87' lang='lat' dir='ltr'>cura</span> <span class='ocrx_word' id='word_1_81' title='bbox 1254 1426 1454 1523; x_wconf 91' lang='lat' dir='ltr'>Episcopis</span> <span class='ocrx_word' id='word_1_82' title='bbox 1474 1427 1707 1502; x_wconf 85' lang='lat' dir='ltr'>demandata</span> 
     </span>
     <span class='ocr_line' id='line_1_11' title="bbox 412 1529 1702 1629; baseline -0.001 -26"><span class='ocrx_word' id='word_1_83' title='bbox 412 1545 522 1620; x_wconf 89' lang='lat' dir='ltr'>erat,</span> <span class='ocrx_word' id='word_1_84' title='bbox 545 1551 658 1627; x_wconf 91' lang='lat' dir='ltr'>quam</span> <span class='ocrx_word' id='word_1_85' title='bbox 676 1552 744 1625; x_wconf 92' lang='lat' dir='ltr'>per</span> <span class='ocrx_word' id='word_1_86' title='bbox 768 1529 984 1619; x_wconf 88' lang='lat' dir='ltr'>Parochos,</span> <span class='ocrx_word' id='word_1_87' title='bbox 1008 1531 1176 1629; x_wconf 89' lang='lat' dir='ltr'>aliosque</span> <span class='ocrx_word' id='word_1_88' title='bbox 1200 1529 1382 1604; x_wconf 75' lang='lat' dir='ltr'>Ecclesia</span> <span class='ocrx_word' id='word_1_89' title='bbox 1407 1529 1600 1602; x_wconf 90' lang='lat' dir='ltr'>ministros</span> <span class='ocrx_word' id='word_1_90' title='bbox 1624 1529 1702 1624; x_wconf 62' lang='lat' dir='ltr'>imf-</span> 
     </span>
     <span class='ocr_line' id='line_1_12' title="bbox 408 1629 1699 1729; baseline -0.002 -25"><span class='ocrx_word' id='word_1_91' title='bbox 408 1630 656 1726; x_wconf 85' lang='lat' dir='ltr'>pendebant,</span> <span class='ocrx_word' id='word_1_92' title='bbox 684 1646 726 1705; x_wconf 91' lang='lat' dir='ltr'>ut</span> <span class='ocrx_word' id='word_1_93' title='bbox 751 1633 939 1707; x_wconf 86' lang='lat' dir='ltr'>evincitur</span> <span class='ocrx_word' id='word_1_94' title='bbox 961 1654 1010 1708; x_wconf 83' lang='lat' dir='ltr'>ex</span> <span class='ocrx_word' id='word_1_95' title='bbox 1031 1632 1122 1729; x_wconf 81' lang='lat' dir='ltr'>Syn.</span> <span class='ocrx_word' id='word_1_96' title='bbox 1140 1632 1375 1707; x_wconf 84' lang='lat' dir='ltr'>Vallis-olet.</span> <span class='ocrx_word' id='word_1_97' title='bbox 1391 1630 1489 1727; x_wconf 89' lang='lat' dir='ltr'>Cap.</span> <span class='ocrx_word' id='word_1_98' title='bbox 1511 1629 1625 1705; x_wconf 80' lang='lat' dir='ltr'>XIV:</span> <span class='ocrx_word' id='word_1_99' title='bbox 1651 1629 1699 1702; x_wconf 89' lang='lat' dir='ltr'>In</span> 
     </span>
     <span class='ocr_line' id='line_1_13' title="bbox 408 1731 1703 1833; baseline 0.002 -30"><span class='ocrx_word' id='word_1_100' title='bbox 408 1733 531 1823; x_wconf 86' lang='lat' dir='ltr'>loeis,</span> <span class='ocrx_word' id='word_1_101' title='bbox 555 1735 635 1820; x_wconf 91' lang='lat' dir='ltr'>ait,</span> <span class='ocrx_word' id='word_1_102' title='bbox 657 1732 721 1806; x_wconf 89' lang='lat' dir='ltr'>ubi</span> <span class='ocrx_word' id='word_1_103' title='bbox 741 1732 791 1807; x_wconf 83' lang='lat' dir='ltr'>ad</span> <span class='ocrx_word' id='word_1_104' title='bbox 806 1737 871 1808; x_wconf 85' lang='lat' dir='ltr'>hot</span> <span class='ocrx_word' id='word_1_105' title='bbox 893 1748 979 1809; x_wconf 90' lang='lat' dir='ltr'>sunt</span> <span class='ocrx_word' id='word_1_106' title='bbox 1000 1733 1143 1810; x_wconf 85' lang='lat' dir='ltr'>Dauus</span> <span class='ocrx_word' id='word_1_107' title='bbox 1160 1736 1297 1833; x_wconf 76' lang='lat' dir='ltr'>aliqua</span> <span class='ocrx_word' id='word_1_108' title='bbox 1319 1734 1536 1830; x_wconf 76' lang='lat' dir='ltr'>deputata,</span> <span class='ocrx_word' id='word_1_109' title='bbox 1559 1731 1703 1809; x_wconf 86' lang='lat' dir='ltr'>Rectu-</span> 
     </span>
     <span class='ocr_line' id='line_1_14' title="bbox 408 1832 1700 1936; baseline 0.003 -28"><span class='ocrx_word' id='word_1_110' title='bbox 408 1855 495 1925; x_wconf 83' lang='lat' dir='ltr'>res,</span> <span class='ocrx_word' id='word_1_111' title='bbox 516 1849 554 1908; x_wconf 90' lang='lat' dir='ltr'>et</span> <span class='ocrx_word' id='word_1_112' title='bbox 570 1833 709 1910; x_wconf 88' lang='lat' dir='ltr'>Curati</span> <span class='ocrx_word' id='word_1_113' title='bbox 732 1832 931 1933; x_wconf 81' lang='lat' dir='ltr'>diligenter</span> <span class='ocrx_word' id='word_1_114' title='bbox 947 1838 1173 1936; x_wconf 83' lang='lat' dir='ltr'>invigilent,</span> <span class='ocrx_word' id='word_1_115' title='bbox 1194 1857 1235 1912; x_wconf 92' lang='lat' dir='ltr'>ut</span> <span class='ocrx_word' id='word_1_116' title='bbox 1256 1837 1398 1912; x_wconf 77' lang='lat' dir='ltr'>Daunus</span> <span class='ocrx_word' id='word_1_117' title='bbox 1418 1835 1622 1936; x_wconf 80' lang='lat' dir='ltr'>hujusmodi</span> <span class='ocrx_word' id='word_1_118' title='bbox 1642 1839 1700 1912; x_wconf 84' lang='lat' dir='ltr'>sie</span> 
     </span>
     <span class='ocr_line' id='line_1_15' title="bbox 409 1938 1701 2036; baseline 0.002 -26"><span class='ocrx_word' id='word_1_119' title='bbox 409 1939 661 2012; x_wconf 82' lang='lat' dir='ltr'>convenienter</span> <span class='ocrx_word' id='word_1_120' title='bbox 690 1955 840 2031; x_wconf 85' lang='lat' dir='ltr'>paratae</span> <span class='ocrx_word' id='word_1_121' title='bbox 871 1940 975 2022; x_wconf 83' lang='lat' dir='ltr'>sint,</span> <span class='ocrx_word' id='word_1_122' title='bbox 1004 1938 1097 2033; x_wconf 85' lang='lat' dir='ltr'>quad</span> <span class='ocrx_word' id='word_1_123' title='bbox 1125 1939 1370 2036; x_wconf 81' lang='lat' dir='ltr'>hospitalitas</span> <span class='ocrx_word' id='word_1_124' title='bbox 1401 1944 1511 2034; x_wconf 88' lang='lat' dir='ltr'>ipsa,</span> <span class='ocrx_word' id='word_1_125' title='bbox 1541 1939 1594 2011; x_wconf 82' lang='lat' dir='ltr'>ad</span> <span class='ocrx_word' id='word_1_126' title='bbox 1619 1960 1701 2034; x_wconf 75' lang='lat' dir='ltr'>quae</span> 
     </span>
     <span class='ocr_line' id='line_1_16' title="bbox 408 2037 1701 2135; baseline 0.003 -22"><span class='ocrx_word' id='word_1_127' title='bbox 408 2039 600 2135; x_wconf 81' lang='lat' dir='ltr'>deputatae</span> <span class='ocrx_word' id='word_1_128' title='bbox 618 2037 802 2133; x_wconf 83' lang='lat' dir='ltr'>fuerunt,</span> <span class='ocrx_word' id='word_1_129' title='bbox 830 2043 868 2112; x_wconf 86' lang='lat' dir='ltr'>iu</span> <span class='ocrx_word' id='word_1_130' title='bbox 891 2043 945 2115; x_wconf 85' lang='lat' dir='ltr'>eis</span> <span class='ocrx_word' id='word_1_131' title='bbox 967 2039 1091 2116; x_wconf 85' lang='lat' dir='ltr'>debite</span> <span class='ocrx_word' id='word_1_132' title='bbox 1115 2044 1355 2134; x_wconf 77' lang='lat' dir='ltr'>observetur,</span> <span class='ocrx_word' id='word_1_133' title='bbox 1379 2061 1416 2120; x_wconf 94' lang='lat' dir='ltr'>et</span> <span class='ocrx_word' id='word_1_134' title='bbox 1440 2039 1492 2114; x_wconf 86' lang='lat' dir='ltr'>ad</span> <span class='ocrx_word' id='word_1_135' title='bbox 1508 2039 1575 2113; x_wconf 83' lang='lat' dir='ltr'>hoa</span> <span class='ocrx_word' id='word_1_136' title='bbox 1600 2039 1701 2117; x_wconf 86' lang='lat' dir='ltr'>Ret-</span> 
     </span>
     <span class='ocr_line' id='line_1_17' title="bbox 410 2141 1701 2238; baseline 0.001 -22"><span class='ocrx_word' id='word_1_137' title='bbox 410 2155 512 2218; x_wconf 89' lang='lat' dir='ltr'>tores</span> <span class='ocrx_word' id='word_1_138' title='bbox 535 2144 611 2236; x_wconf 90' lang='lat' dir='ltr'>ipsi</span> <span class='ocrx_word' id='word_1_139' title='bbox 637 2161 707 2236; x_wconf 86' lang='lat' dir='ltr'>per</span> <span class='ocrx_word' id='word_1_140' title='bbox 728 2142 952 2218; x_wconf 82' lang='lat' dir='ltr'>Ordinariu&#39;s</span> <span class='ocrx_word' id='word_1_141' title='bbox 974 2144 1248 2238; x_wconf 83' lang='lat' dir='ltr'>compellantur.</span> <span class='ocrx_word' id='word_1_142' title='bbox 1275 2144 1326 2219; x_wconf 88' lang='lat' dir='ltr'>Et</span> <span class='ocrx_word' id='word_1_143' title='bbox 1349 2169 1396 2220; x_wconf 84' lang='lat' dir='ltr'>ex</span> <span class='ocrx_word' id='word_1_144' title='bbox 1421 2141 1584 2216; x_wconf 88' lang='lat' dir='ltr'>Constit.</span> <span class='ocrx_word' id='word_1_145' title='bbox 1606 2142 1701 2238; x_wconf 89' lang='lat' dir='ltr'>Syn.</span> 
     </span>
     <span class='ocr_line' id='line_1_18' title="bbox 409 2241 1705 2448; baseline 0.002 -130"><span class='ocrx_word' id='word_1_146' title='bbox 409 2241 599 2448; x_wconf 51' lang='lat' dir='ltr'>Guidffiis</span> <span class='ocrx_word' id='word_1_147' title='bbox 623 2244 804 2341; x_wconf 84' lang='lat' dir='ltr'>Episcopi</span> <span class='ocrx_word' id='word_1_148' title='bbox 824 2245 958 2320; x_wconf 87' lang='lat' dir='ltr'>Helen.</span> <span class='ocrx_word' id='word_1_149' title='bbox 983 2266 1046 2320; x_wconf 87' lang='lat' dir='ltr'>an.</span> <span class='ocrx_word' id='word_1_150' title='bbox 1073 2268 1171 2348; x_wconf 75' lang='lat'>1337</span> <span class='ocrx_word' id='word_1_151' title='bbox 1195 2245 1292 2342; x_wconf 79' lang='lat' dir='ltr'>Cap.</span> <span class='ocrx_word' id='word_1_152' title='bbox 1319 2244 1368 2319; x_wconf 92' lang='lat' dir='ltr'><em>V</em></span> <span class='ocrx_word' id='word_1_153' title='bbox 1391 2257 1525 2340; x_wconf 88' lang='lat' dir='ltr'>aperte</span> <span class='ocrx_word' id='word_1_154' title='bbox 1548 2243 1705 2342; x_wconf 83' lang='lat' dir='ltr'>colligi·</span> 
     </span>
     <span class='ocr_line' id='line_1_19' title="bbox 413 2357 486 2420; baseline -0.027 0"><span class='ocrx_word' id='word_1_155' title='bbox 413 2357 486 2420; x_wconf 86' lang='lat' dir='ltr'>tur.</span> 
     </span>
    </p>

    <p class='ocr_par' dir='ltr' id='par_1_2' title="bbox 410 2448 1703 2751">
     <span class='ocr_line' id='line_1_20' title="bbox 462 2448 1703 2542; baseline 0.003 -20"><span class='ocrx_word' id='word_1_156' title='bbox 462 2449 528 2522; x_wconf 88' lang='lat' dir='ltr'>Xl.</span> <span class='ocrx_word' id='word_1_157' title='bbox 554 2449 656 2524; x_wconf 89' lang='lat' dir='ltr'>Huic</span> <span class='ocrx_word' id='word_1_158' title='bbox 682 2461 789 2528; x_wconf 87' lang='lat' dir='ltr'>tanto</span> <span class='ocrx_word' id='word_1_159' title='bbox 816 2448 917 2525; x_wconf 87' lang='lat' dir='ltr'>malo</span> <span class='ocrx_word' id='word_1_160' title='bbox 938 2471 1139 2525; x_wconf 85' lang='lat' dir='ltr'>occurrere</span> <span class='ocrx_word' id='word_1_161' title='bbox 1165 2449 1390 2527; x_wconf 84' lang='lat' dir='ltr'>studuerunt</span> <span class='ocrx_word' id='word_1_162' title='bbox 1416 2448 1582 2542; x_wconf 89' lang='lat' dir='ltr'>primum</span> <span class='ocrx_word' id='word_1_163' title='bbox 1615 2449 1703 2526; x_wconf 82' lang='lat' dir='ltr'>ead.</span> 
     </span>
     <span class='ocr_line' id='line_1_21' title="bbox 410 2547 1703 2651; baseline -0.001 -25"><span class='ocrx_word' id='word_1_164' title='bbox 410 2547 587 2650; x_wconf 85' lang='lat' dir='ltr'>Synodus</span> <span class='ocrx_word' id='word_1_165' title='bbox 604 2550 830 2628; x_wconf 87' lang='lat' dir='ltr'>Viennensis</span> <span class='ocrx_word' id='word_1_166' title='bbox 848 2553 1022 2628; x_wconf 86' lang='lat' dir='ltr'>Clement.</span> <span class='ocrx_word' id='word_1_167' title='bbox 1042 2551 1094 2625; x_wconf 92' lang='lat' dir='ltr'>II</span> <span class='ocrx_word' id='word_1_168' title='bbox 1112 2555 1155 2628; x_wconf 89' lang='lat' dir='ltr'>de</span> <span class='ocrx_word' id='word_1_169' title='bbox 1173 2553 1383 2651; x_wconf 85' lang='lat' dir='ltr'>Religiosis</span> <span class='ocrx_word' id='word_1_170' title='bbox 1400 2549 1561 2624; x_wconf 88' lang='lat' dir='ltr'>domibus</span> <span class='ocrx_word' id='word_1_171' title='bbox 1576 2604 1588 2641; x_wconf 89' lang='lat'>,</span> <span class='ocrx_word' id='word_1_172' title='bbox 1604 2553 1703 2625; x_wconf 80' lang='lat' dir='ltr'>¹dein</span> 
     </span>
     <span class='ocr_line' id='line_1_22' title="bbox 410 2653 1697 2751; baseline -0.002 -22"><span class='ocrx_word' id='word_1_173' title='bbox 410 2669 451 2729; x_wconf 89' lang='lat' dir='ltr'>et</span> <span class='ocrx_word' id='word_1_174' title='bbox 472 2654 689 2731; x_wconf 88' lang='lat' dir='ltr'>Concilium</span> <span class='ocrx_word' id='word_1_175' title='bbox 710 2656 815 2730; x_wconf 84' lang='lat' dir='ltr'>Trid.</span> <span class='ocrx_word' id='word_1_176' title='bbox 831 2656 938 2733; x_wconf 89' lang='lat' dir='ltr'>Sess.</span> <span class='ocrx_word' id='word_1_177' title='bbox 959 2677 1018 2730; x_wconf 84' lang='grc' dir='ltr'>νιι</span> <span class='ocrx_word' id='word_1_178' title='bbox 1035 2657 1078 2731; x_wconf 87' lang='lat' dir='ltr'>ule</span> <span class='ocrx_word' id='word_1_179' title='bbox 1096 2654 1190 2747; x_wconf 84' lang='lat' dir='ltr'>Ref.</span> <span class='ocrx_word' id='word_1_180' title='bbox 1210 2675 1293 2751; x_wconf 84' lang='lat' dir='ltr'>cap.</span> <span class='ocrx_word' id='word_1_181' title='bbox 1323 2674 1366 2749; x_wconf 82' lang='lat'>15</span> <span class='ocrx_word' id='word_1_182' title='bbox 1384 2709 1395 2739; x_wconf 92' lang='lat'>,</span> <span class='ocrx_word' id='word_1_183' title='bbox 1420 2672 1458 2729; x_wconf 89' lang='lat' dir='ltr'>et</span> <span class='ocrx_word' id='word_1_184' title='bbox 1474 2653 1583 2726; x_wconf 88' lang='lat' dir='ltr'>Sess.</span> <span class='ocrx_word' id='word_1_185' title='bbox 1599 2675 1697 2727; x_wconf 68' lang='lat' dir='ltr'>uun</span> 
     </span>
    </p>

    <p class='ocr_par' dir='ltr' id='par_1_3' title="bbox 330 2754 1702 3367">
     <span class='ocr_line' id='line_1_23' title="bbox 464 2754 1697 2852; baseline -0.001 -19"><span class='ocrx_word' id='word_1_186' title='bbox 464 2757 607 2852; x_wconf 73' lang='lat' dir='ltr'>ficap.</span> <span class='ocrx_word' id='word_1_187' title='bbox 638 2759 676 2832; x_wconf 79' lang='lat'>8.</span> <span class='ocrx_word' id='word_1_188' title='bbox 701 2757 847 2849; x_wconf 89' lang='lat' dir='ltr'>Quibus</span> <span class='ocrx_word' id='word_1_189' title='bbox 872 2758 1087 2831; x_wconf 91' lang='lat' dir='ltr'>Tridentini</span> <span class='ocrx_word' id='word_1_190' title='bbox 1116 2758 1272 2846; x_wconf 85' lang='lat' dir='ltr'>Patres,</span> <span class='ocrx_word' id='word_1_191' title='bbox 1303 2773 1342 2831; x_wconf 91' lang='lat' dir='ltr'>et</span> <span class='ocrx_word' id='word_1_192' title='bbox 1371 2754 1697 2832; x_wconf 87' lang='lat' dir='ltr'>Constitutionem</span> 
     </span>
     <span class='ocr_line' id='line_1_24' title="bbox 407 2854 1700 2953; baseline 0.007 -23"><span class='ocrx_word' id='word_1_193' title='bbox 407 2854 667 2934; x_wconf 78' lang='lat' dir='ltr'>Viennensem</span> <span class='ocrx_word' id='word_1_194' title='bbox 696 2872 953 2947; x_wconf 87' lang='lat' dir='ltr'>renovarunt,</span> <span class='ocrx_word' id='word_1_195' title='bbox 977 2875 1017 2932; x_wconf 92' lang='lat' dir='ltr'>et</span> <span class='ocrx_word' id='word_1_196' title='bbox 1048 2858 1156 2953; x_wconf 86' lang='lat' dir='ltr'>plura</span> <span class='ocrx_word' id='word_1_197' title='bbox 1184 2860 1346 2933; x_wconf 85' lang='lat' dir='ltr'>eandem</span> <span class='ocrx_word' id='word_1_198' title='bbox 1370 2880 1451 2932; x_wconf 88' lang='lat' dir='ltr'>rem</span> <span class='ocrx_word' id='word_1_199' title='bbox 1481 2859 1700 2953; x_wconf 87' lang='lat' dir='ltr'>spectantia.</span> 
     </span>
     <span class='ocr_line' id='line_1_25' title="bbox 330 2956 1702 3061; baseline 0.005 -28"><span class='ocrx_word' id='word_1_200' title='bbox 330 2959 358 3041; x_wconf 72' lang='grc'>’,</span> <span class='ocrx_word' id='word_1_201' title='bbox 407 2960 458 3033; x_wconf 86' lang='lat' dir='ltr'>de</span> <span class='ocrx_word' id='word_1_202' title='bbox 486 2961 634 3059; x_wconf 86' lang='lat' dir='ltr'>integro</span> <span class='ocrx_word' id='word_1_203' title='bbox 660 2963 823 3037; x_wconf 86' lang='lat' dir='ltr'>Decreta</span> <span class='ocrx_word' id='word_1_204' title='bbox 850 2959 1031 3051; x_wconf 80' lang='lat' dir='ltr'>edidere3</span> <span class='ocrx_word' id='word_1_205' title='bbox 1058 2956 1138 3061; x_wconf 83' lang='lat'>(**)</span> <span class='ocrx_word' id='word_1_206' title='bbox 1160 2961 1331 3052; x_wconf 88' lang='lat' dir='ltr'>scilicet,</span> <span class='ocrx_word' id='word_1_207' title='bbox 1354 2961 1456 3059; x_wconf 90' lang='lat' dir='ltr'>quod</span> <span class='ocrx_word' id='word_1_208' title='bbox 1476 2962 1606 3034; x_wconf 89' lang='lat' dir='ltr'>omnia</span> <span class='ocrx_word' id='word_1_209' title='bbox 1630 2960 1702 3040; x_wconf 81' lang='lat' dir='ltr'>Pia.</span> 
     </span>
     <span class='ocr_line' id='line_1_26' title="bbox 408 3058 1692 3160; baseline 0.002 -28"><span class='ocrx_word' id='word_1_210' title='bbox 408 3059 496 3136; x_wconf 91' lang='lat' dir='ltr'>loca</span> <span class='ocrx_word' id='word_1_211' title='bbox 524 3062 798 3159; x_wconf 83' lang='lat' dir='ltr'>Episcoporum</span> <span class='ocrx_word' id='word_1_212' title='bbox 825 3058 970 3136; x_wconf 89' lang='lat' dir='ltr'>subsint</span> <span class='ocrx_word' id='word_1_213' title='bbox 1000 3062 1233 3154; x_wconf 89' lang='lat' dir='ltr'>visitationi,</span> <span class='ocrx_word' id='word_1_214' title='bbox 1263 3078 1400 3159; x_wconf 86' lang='lat' dir='ltr'>praeter</span> <span class='ocrx_word' id='word_1_215' title='bbox 1429 3084 1475 3138; x_wconf 85' lang='lat' dir='ltr'>ea</span> <span class='ocrx_word' id='word_1_216' title='bbox 1510 3084 1593 3160; x_wconf 82' lang='lat' dir='ltr'>quae</span> <span class='ocrx_word' id='word_1_217' title='bbox 1621 3059 1692 3136; x_wconf 86' lang='lat' dir='ltr'>sub</span> 
     </span>
     <span class='ocr_line' id='line_1_27' title="bbox 414 3160 1697 3263; baseline 0.002 -26"><span class='ocrx_word' id='word_1_218' title='bbox 414 3160 636 3249; x_wconf 85' lang='lat' dir='ltr'>immediata</span> <span class='ocrx_word' id='word_1_219' title='bbox 662 3181 747 3237; x_wconf 93' lang='lat' dir='ltr'>sunt</span> <span class='ocrx_word' id='word_1_220' title='bbox 772 3164 921 3263; x_wconf 84' lang='lat' dir='ltr'>Regum</span> <span class='ocrx_word' id='word_1_221' title='bbox 949 3166 1213 3262; x_wconf 89' lang='lat' dir='ltr'>protectione,</span> <span class='ocrx_word' id='word_1_222' title='bbox 1240 3164 1451 3259; x_wconf 84' lang='lat' dir='ltr'>cujusmodi</span> <span class='ocrx_word' id='word_1_223' title='bbox 1479 3163 1697 3261; x_wconf 90' lang='lat' dir='ltr'>complures</span> 
     </span>
     <span class='ocr_line' id='line_1_28' title="bbox 409 3265 1672 3367; baseline 0.003 -23"><span class='ocrx_word' id='word_1_224' title='bbox 409 3281 498 3344; x_wconf 74' lang='lat' dir='ltr'>sunt</span> <span class='ocrx_word' id='word_1_225' title='bbox 521 3265 560 3345; x_wconf 86' lang='lat' dir='ltr'>in</span> <span class='ocrx_word' id='word_1_226' title='bbox 587 3267 782 3363; x_wconf 87' lang='lat' dir='ltr'>Hispania.</span> <span class='ocrx_word' id='word_1_227' title='bbox 806 3265 861 3367; x_wconf 88' lang='lat'>(*)</span> <span class='ocrx_word' id='word_1_228' title='bbox 1278 3278 1286 3308; x_wconf 78' lang='lat'>³</span> <span class='ocrx_word' id='word_1_229' title='bbox 1670 3344 1672 3348; x_wconf 79' lang='grc'>,</span> 
     </span>
    </p>

    <p class='ocr_par' dir='ltr' id='par_1_4' title="bbox 347 3367 1704 4697">
     <span class='ocr_line' id='line_1_29' title="bbox 441 3367 1700 3469; baseline 0.002 -27"><span class='ocrx_word' id='word_1_230' title='bbox 441 3371 545 3443; x_wconf 82' lang='lat' dir='ltr'>¹llll.</span> <span class='ocrx_word' id='word_1_231' title='bbox 573 3370 659 3466; x_wconf 89' lang='lat' dir='ltr'>Jam</span> <span class='ocrx_word' id='word_1_232' title='bbox 687 3391 779 3444; x_wconf 89' lang='lat' dir='ltr'>vero</span> <span class='ocrx_word' id='word_1_233' title='bbox 801 3367 1026 3446; x_wconf 83' lang='lat' dir='ltr'>Tridentina</span> <span class='ocrx_word' id='word_1_234' title='bbox 1057 3370 1140 3446; x_wconf 86' lang='lat' dir='ltr'>haec</span> <span class='ocrx_word' id='word_1_235' title='bbox 1163 3370 1318 3448; x_wconf 88' lang='lat' dir='ltr'>decreta</span> <span class='ocrx_word' id='word_1_236' title='bbox 1346 3392 1461 3469; x_wconf 91' lang='lat' dir='ltr'>quum</span> <span class='ocrx_word' id='word_1_237' title='bbox 1490 3370 1528 3444; x_wconf 87' lang='lat' dir='ltr'>in</span> <span class='ocrx_word' id='word_1_238' title='bbox 1559 3369 1700 3467; x_wconf 84' lang='lat' dir='ltr'>Regno.</span> 
     </span>
     <span class='ocr_line' id='line_1_30' title="bbox 409 3469 1694 3591; baseline 0.005 -48"><span class='ocrx_word' id='word_1_239' title='bbox 409 3469 537 3565; x_wconf 86' lang='lat' dir='ltr'>Neap.</span> <span class='ocrx_word' id='word_1_240' title='bbox 553 3494 647 3560; x_wconf 89' lang='lat' dir='ltr'>usu,</span> <span class='ocrx_word' id='word_1_241' title='bbox 669 3469 910 3571; x_wconf 85' lang='lat' dir='ltr'>moribusque</span> <span class='ocrx_word' id='word_1_242' title='bbox 929 3494 1103 3569; x_wconf 85' lang='lat' dir='ltr'>peraeque</span> <span class='ocrx_word' id='word_1_243' title='bbox 1124 3488 1278 3569; x_wconf 84' lang='lat' dir='ltr'>recepta</span> <span class='ocrx_word' id='word_1_244' title='bbox 1299 3493 1375 3547; x_wconf 91' lang='lat' dir='ltr'>non</span> <span class='ocrx_word' id='word_1_245' title='bbox 1393 3488 1541 3591; x_wconf 62' lang='lat' dir='ltr'>essem,</span> <span class='ocrx_word' id='word_1_246' title='bbox 1557 3495 1694 3570; x_wconf 88' lang='lat' dir='ltr'>quam·</span> 
     </span>
     <span class='ocr_line' id='line_1_31' title="bbox 411 3568 1693 3670; baseline 0 -23"><span class='ocrx_word' id='word_1_247' title='bbox 411 3568 546 3659; x_wconf 88' lang='lat' dir='ltr'>obrem</span> <span class='ocrx_word' id='word_1_248' title='bbox 565 3574 777 3670; x_wconf 76' lang='lat' dir='ltr'>frequentes</span> <span class='ocrx_word' id='word_1_249' title='bbox 795 3574 898 3649; x_wconf 90' lang='lat' dir='ltr'>hisce</span> <span class='ocrx_word' id='word_1_250' title='bbox 914 3575 963 3648; x_wconf 91' lang='lat' dir='ltr'>de</span> <span class='ocrx_word' id='word_1_251' title='bbox 977 3571 1165 3669; x_wconf 88' lang='lat' dir='ltr'>capitibus</span> <span class='ocrx_word' id='word_1_252' title='bbox 1182 3573 1490 3649; x_wconf 87' lang='lat' dir='ltr'>Ecclesiasticam</span> <span class='ocrx_word' id='word_1_253' title='bbox 1507 3589 1631 3665; x_wconf 79' lang='lat' dir='ltr'>inter,</span> <span class='ocrx_word' id='word_1_254' title='bbox 1653 3584 1693 3650; x_wconf 90' lang='lat' dir='ltr'>et</span> 
     </span>
     <span class='ocr_line' id='line_1_32' title="bbox 413 3671 1699 3764; baseline 0.003 -17"><span class='ocrx_word' id='word_1_255' title='bbox 413 3671 640 3764; x_wconf 77' lang='lat' dir='ltr'>saecularem</span> <span class='ocrx_word' id='word_1_256' title='bbox 668 3673 896 3750; x_wconf 88' lang='lat' dir='ltr'>Potestatem</span> <span class='ocrx_word' id='word_1_257' title='bbox 924 3673 1191 3758; x_wconf 85' lang='lat' dir='ltr'>exoriebantur</span> <span class='ocrx_word' id='word_1_258' title='bbox 1222 3678 1514 3752; x_wconf 86' lang='lat' dir='ltr'>controversiae:</span> <span class='ocrx_word' id='word_1_259' title='bbox 1540 3678 1632 3752; x_wconf 91' lang='lat' dir='ltr'>hinc</span> <span class='ocrx_word' id='word_1_260' title='bbox 1653 3677 1699 3751; x_wconf 91' lang='lat' dir='ltr'>in·</span> 
     </span>
     <span class='ocr_line' id='line_1_33' title="bbox 392 3773 1699 3878; baseline 0.002 -24"><span class='ocrx_word' id='word_1_261' title='bbox 392 3773 659 3860; x_wconf 83' lang='lat' dir='ltr'>-Concordato</span> <span class='ocrx_word' id='word_1_262' title='bbox 691 3777 779 3851; x_wconf 90' lang='lat' dir='ltr'>anni</span> <span class='ocrx_word' id='word_1_263' title='bbox 809 3776 1146 3878; x_wconf 75' lang='lat' dir='ltr'>17410ap.5jus</span> <span class='ocrx_word' id='word_1_264' title='bbox 1173 3796 1321 3854; x_wconf 91' lang='lat' dir='ltr'>certum</span> <span class='ocrx_word' id='word_1_265' title='bbox 1348 3782 1421 3854; x_wconf 86' lang='lat' dir='ltr'>hac</span> <span class='ocrx_word' id='word_1_266' title='bbox 1449 3780 1487 3852; x_wconf 92' lang='lat' dir='ltr'>in</span> <span class='ocrx_word' id='word_1_267' title='bbox 1514 3800 1556 3854; x_wconf 90' lang='lat' dir='ltr'>re</span> <span class='ocrx_word' id='word_1_268' title='bbox 1584 3801 1699 3856; x_wconf 90' lang='lat' dir='ltr'>cons·.</span> 
     </span>
     <span class='ocr_line' id='line_1_34' title="bbox 411 3878 1694 3986; baseline 0.002 -34"><span class='ocrx_word' id='word_1_269' title='bbox 411 3879 566 3954; x_wconf 89' lang='lat' dir='ltr'>titutum</span> <span class='ocrx_word' id='word_1_270' title='bbox 588 3895 657 3986; x_wconf 78' lang='lat' dir='ltr'>est.</span> <span class='ocrx_word' id='word_1_271' title='bbox 681 3878 732 3956; x_wconf 91' lang='lat' dir='ltr'>Et</span> <span class='ocrx_word' id='word_1_272' title='bbox 759 3880 928 3979; x_wconf 69' lang='lat' dir='ltr'>quidem,</span> <span class='ocrx_word' id='word_1_273' title='bbox 940 3881 1065 3978; x_wconf 87' lang='lat' dir='ltr'>primo</span> <span class='ocrx_word' id='word_1_274' title='bbox 1086 3883 1159 3957; x_wconf 88' lang='lat' dir='ltr'>tria</span> <span class='ocrx_word' id='word_1_275' title='bbox 1181 3882 1329 3977; x_wconf 88' lang='lat' dir='ltr'>piorum</span> <span class='ocrx_word' id='word_1_276' title='bbox 1356 3881 1528 3956; x_wconf 91' lang='lat' dir='ltr'>locorum</span> <span class='ocrx_word' id='word_1_277' title='bbox 1552 3902 1694 3979; x_wconf 79' lang='lat' dir='ltr'>genera</span> 
     </span>
     <span class='ocr_line' id='line_1_35' title="bbox 409 3980 1704 4083; baseline 0 -25"><span class='ocrx_word' id='word_1_278' title='bbox 409 3980 591 4072; x_wconf 81' lang='lat' dir='ltr'>distincta</span> <span class='ocrx_word' id='word_1_279' title='bbox 612 3998 722 4074; x_wconf 73' lang='lat' dir='ltr'>sunt,</span> <span class='ocrx_word' id='word_1_280' title='bbox 745 3983 895 4070; x_wconf 51' lang='lat' dir='ltr'>,scilicet</span> <span class='ocrx_word' id='word_1_281' title='bbox 926 4006 943 4056; x_wconf 88' lang='lat'>1</span> <span class='ocrx_word' id='word_1_282' title='bbox 972 4007 1055 4083; x_wconf 76' lang='lat' dir='ltr'>qua</span> <span class='ocrx_word' id='word_1_283' title='bbox 1078 3980 1148 4058; x_wconf 87' lang='lat' dir='ltr'>sub</span> <span class='ocrx_word' id='word_1_284' title='bbox 1178 3983 1328 4078; x_wconf 82' lang='lat' dir='ltr'>Regum</span> <span class='ocrx_word' id='word_1_285' title='bbox 1356 3983 1580 4059; x_wconf 82' lang='lat' dir='ltr'>immediata</span> <span class='ocrx_word' id='word_1_286' title='bbox 1599 3990 1704 4079; x_wconf 83' lang='lat' dir='ltr'>pro-.</span> 
     </span>
     <span class='ocr_line' id='line_1_36' title="bbox 393 4082 1703 4184; baseline 0.005 -31"><span class='ocrx_word' id='word_1_287' title='bbox 393 4082 575 4183; x_wconf 69' lang='lat' dir='ltr'>tectione</span> <span class='ocrx_word' id='word_1_288' title='bbox 598 4101 705 4159; x_wconf 88' lang='lat' dir='ltr'>sunt:</span> <span class='ocrx_word' id='word_1_289' title='bbox 738 4109 761 4162; x_wconf 81' lang='lat' dir='ltr'>n</span> <span class='ocrx_word' id='word_1_290' title='bbox 793 4109 875 4184; x_wconf 85' lang='lat' dir='ltr'>quae</span> <span class='ocrx_word' id='word_1_291' title='bbox 900 4084 1258 4175; x_wconf 73' lang='lat' dir='ltr'>administranturi</span> <span class='ocrx_word' id='word_1_292' title='bbox 1285 4084 1471 4160; x_wconf 82' lang='lat' dir='ltr'>Clericis:</span> <span class='ocrx_word' id='word_1_293' title='bbox 1500 4107 1547 4160; x_wconf 91' lang='lat' dir='ltr'>ac</span> <span class='ocrx_word' id='word_1_294' title='bbox 1574 4107 1597 4183; x_wconf 87' lang='lat'><strong>3</strong></span> <span class='ocrx_word' id='word_1_295' title='bbox 1623 4084 1703 4161; x_wconf 88' lang='lat' dir='ltr'>de·-</span> 
     </span>
     <span class='ocr_line' id='line_1_37' title="bbox 347 4184 1693 4285; baseline 0.005 -29"><span class='ocrx_word' id='word_1_296' title='bbox 347 4280 349 4282; x_wconf 7' lang='grc' dir='ltr'><strong><em>ι</em></strong></span> <span class='ocrx_word' id='word_1_297' title='bbox 406 4201 533 4275; x_wconf 90' lang='lat' dir='ltr'>mum,</span> <span class='ocrx_word' id='word_1_298' title='bbox 549 4208 631 4283; x_wconf 85' lang='lat' dir='ltr'>quae</span> <span class='ocrx_word' id='word_1_299' title='bbox 649 4186 831 4263; x_wconf 88' lang='lat' dir='ltr'>laicorum</span> <span class='ocrx_word' id='word_1_300' title='bbox 850 4188 1028 4285; x_wconf 88' lang='lat' dir='ltr'>regimini</span> <span class='ocrx_word' id='word_1_301' title='bbox 1044 4184 1216 4274; x_wconf 67' lang='lat' dir='ltr'>subsunt.¹</span> <span class='ocrx_word' id='word_1_302' title='bbox 1228 4189 1289 4262; x_wconf 92' lang='lat' dir='ltr'>De</span> <span class='ocrx_word' id='word_1_303' title='bbox 1305 4187 1437 4283; x_wconf 89' lang='lat' dir='ltr'>primis</span> <span class='ocrx_word' id='word_1_304' title='bbox 1453 4201 1633 4276; x_wconf 86' lang='lat' dir='ltr'>cavetur,</span> <span class='ocrx_word' id='word_1_305' title='bbox 1650 4200 1693 4263; x_wconf 92' lang='lat' dir='ltr'>ut</span> 
     </span>
     <span class='ocr_line' id='line_1_38' title="bbox 409 4284 1694 4389; baseline 0.004 -29"><span class='ocrx_word' id='word_1_306' title='bbox 409 4284 449 4380; x_wconf 81' lang='lat' dir='ltr'>in</span> <span class='ocrx_word' id='word_1_307' title='bbox 466 4286 669 4376; x_wconf 90' lang='lat' dir='ltr'>omnibus,</span> <span class='ocrx_word' id='word_1_308' title='bbox 692 4290 807 4365; x_wconf 84' lang='lat' dir='ltr'>etiam</span> <span class='ocrx_word' id='word_1_309' title='bbox 824 4293 948 4389; x_wconf 88' lang='lat' dir='ltr'>quoad</span> <span class='ocrx_word' id='word_1_310' title='bbox 971 4284 1206 4385; x_wconf 85' lang='lat' dir='ltr'>spiritualia,</span> <span class='ocrx_word' id='word_1_311' title='bbox 1229 4287 1279 4365; x_wconf 89' lang='lat' dir='ltr'>ab</span> <span class='ocrx_word' id='word_1_312' title='bbox 1301 4285 1483 4385; x_wconf 88' lang='lat' dir='ltr'>Episcopi</span> <span class='ocrx_word' id='word_1_313' title='bbox 1505 4288 1694 4378; x_wconf 80' lang='lat' dir='ltr'>visitatio-</span> 
     </span>
     <span class='ocr_line' id='line_1_39' title="bbox 409 4387 1694 4487; baseline 0.005 -27"><span class='ocrx_word' id='word_1_314' title='bbox 409 4387 459 4461; x_wconf 83' lang='lat' dir='ltr'>ne</span> <span class='ocrx_word' id='word_1_315' title='bbox 489 4390 564 4465; x_wconf 89' lang='lat' dir='ltr'>sint</span> <span class='ocrx_word' id='word_1_316' title='bbox 584 4391 779 4468; x_wconf 87' lang='lat' dir='ltr'>immunia.</span> <span class='ocrx_word' id='word_1_317' title='bbox 797 4393 914 4467; x_wconf 87' lang='lat' dir='ltr'>Porro</span> <span class='ocrx_word' id='word_1_318' title='bbox 935 4391 1028 4467; x_wconf 86' lang='lat' dir='ltr'>ibid.</span> <span class='ocrx_word' id='word_1_319' title='bbox 1055 4414 1101 4468; x_wconf 89' lang='lat' dir='ltr'>ea</span> <span class='ocrx_word' id='word_1_320' title='bbox 1121 4393 1305 4468; x_wconf 85' lang='lat' dir='ltr'>duntaxat</span> <span class='ocrx_word' id='word_1_321' title='bbox 1328 4391 1412 4466; x_wconf 88' lang='lat' dir='ltr'>loca</span> <span class='ocrx_word' id='word_1_322' title='bbox 1434 4390 1498 4487; x_wconf 90' lang='lat' dir='ltr'>pia</span> <span class='ocrx_word' id='word_1_323' title='bbox 1527 4390 1597 4476; x_wconf 87' lang='lat' dir='ltr'>sub</span> <span class='ocrx_word' id='word_1_324' title='bbox 1622 4391 1694 4467; x_wconf 87' lang='lat' dir='ltr'>im·</span> 
     </span>
     <span class='ocr_line' id='line_1_40' title="bbox 408 4490 1694 4612; baseline 0.003 -48"><span class='ocrx_word' id='word_1_325' title='bbox 408 4490 577 4569; x_wconf 88' lang='lat' dir='ltr'>mediata</span> <span class='ocrx_word' id='word_1_326' title='bbox 598 4495 750 4594; x_wconf 83' lang='lat' dir='ltr'>Regum</span> <span class='ocrx_word' id='word_1_327' title='bbox 763 4495 1010 4612; x_wconf 79' lang='lat' dir='ltr'>protectione</span> <span class='ocrx_word' id='word_1_328' title='bbox 1030 4516 1112 4571; x_wconf 89' lang='lat' dir='ltr'>esse</span> <span class='ocrx_word' id='word_1_329' title='bbox 1133 4494 1376 4582; x_wconf 75' lang='lat' dir='ltr'>declarantur</span> <span class='ocrx_word' id='word_1_330' title='bbox 1389 4548 1412 4594; x_wconf 22' lang='grc' dir='ltr'>,Ι</span> <span class='ocrx_word' id='word_1_331' title='bbox 1428 4516 1510 4594; x_wconf 79' lang='lat' dir='ltr'>quse</span> <span class='ocrx_word' id='word_1_332' title='bbox 1528 4496 1594 4580; x_wconf 77' lang='lat' dir='ltr'>vel</span> <span class='ocrx_word' id='word_1_333' title='bbox 1610 4495 1694 4570; x_wconf 86' lang='lat' dir='ltr'>Re-</span> 
     </span>
     <span class='ocr_line' id='line_1_41' title="bbox 1621 4617 1697 4697; baseline 0.026 -26"><span class='ocrx_word' id='word_1_334' title='bbox 1621 4617 1697 4697; x_wconf 76' lang='lat' dir='ltr'>gras</span> 
     </span>
    </p>
   </div>
   <div class='ocr_carea' id='block_1_2' title="bbox 0 0 2022 5275">
    <p class='ocr_par' dir='ltr' id='par_1_5' title="bbox 0 0 2022 5275">
     <span class='ocr_line' id='line_1_42' title="bbox 0 0 2022 5275; baseline 0 1"><span class='ocrx_word' id='word_1_335' title='bbox 0 0 2022 5275; x_wconf 95' lang='lat' dir='ltr'> </span> 
     </span>
    </p>
   </div>
  </div>
 </body>
</html>
