4034 5275
386 492 437 568 ιο
721 466 1003 562 Institutionum
1018 467 1285 547 canonicarum

355 574 401 648 id
431 573 533 673 quod
560 571 705 649 eisdem
739 572 868 650 verbis
890 574 1089 650 constituit
1117 572 1251 675 saepius
1273 566 1374 646 laud.
1401 566 1493 669 Syn.
1513 566 1642 647 Tolet.

351 698 418 751 an.
446 693 544 774 1323
560 677 659 772 Cap
657 674 714 750 X
719 674 804 751 IV
835 679 879 751 ln
895 673 1036 754 Gallus
1061 698 1125 752 ιιιι.
1136 674 1250 749 utu
1278 673 1458 750 excitata
1463 686 1538 747 est·
1532 694 1640 765 ¹con·

354 779 542 853 troversia
558 832 571 868 ,
601 801 719 875 gnum
735 801 833 877 aqua
848 782 960 870 hac,
968 777 1093 855 Calici
1110 776 1231 851 infusa
1250 776 1352 895 prius
1368 776 1408 850 in
1423 774 1576 865 vinum,
1590 796 1639 850 an

352 878 392 953 in
407 880 636 978 Sanguinem
655 880 803 957 Christi
825 904 893 978 per
911 878 1031 957 verba
1051 878 1347 955 consecrationis
1375 875 1639 952 convertatur?

320 987 324 999 “
352 982 492 1059 Deleta
509 983 561 1059 ad
574 979 806 1075 Gaufridu'rn
822 983 1046 1075 Claravall,
1064 1005 1111 1057 ac
1127 981 1215 1055 dein
1231 981 1281 1056 ad
1294 978 1508 1054 Heusicum
1521 976 1641 1055 eata

350 1069 492 1159 Alban.
506 1107 582 1159 non
603 1086 690 1159 ideo
708 1086 832 1181 sopita
848 1100 935 1175 est,
964 1085 1034 1159 sed
1057 1083 1181 1161 acrius
1204 1081 1412 1156 recruduit.
1435 1082 1576 1155 lnnoc.
1586 1081 1640 1157 ltt

351 1184 396 1259 de
410 1184 558 1261 Celebr
573 1185 693 1263 Miss.
709 1185 804 1282 Cap.
813 1186 890 1276 6§.
909 1210 954 1278 1,
981 1209 1068 1263 eam
1085 1200 1246 1284 utraque
1272 1184 1385 1258 lance
1405 1184 1640 1279 pendentem

340 1286 531 1405 reliquit,
571 1290 695 1364 donec
732 1290 930 1387 adsequuti
965 1290 1105 1363 fuerint
1125 1285 1382 1378 scholastici,
1416 1305 1506 1361 eam
1542 1284 1640 1363 inter

349 1390 564 1495 precipuas
580 1391 853 1490 disceptandas
869 1391 1095 1493 quaestiones
1108 1390 1313 1465 collocare.
1299 1382 1359 1491 (¹l
1358 1381 1376 1489 )
1454 1454 1457 1459 .

539 1682 542 1687 η
644 1592 728 1698 (**)
746 1593 808 1672 De
823 1594 951 1673 uerbis
964 1591 1277 1690 θιιιιιιιιιιὶιιιίι.
1283 1587 1408 1696 (*)

400 1795 480 1901 (**)
495 1789 593 1878 ΧΙΧ.
619 1797 749 1877 Verba
780 1799 914 1900 quibus
942 1803 984 1876 fit
1015 1802 1153 1899 panis,
1185 1812 1225 1877 et
1256 1798 1340 1877 vini
1370 1766 1575 1891 conversio
1597 1799 1637 1875 irs

345 1898 525 1998 Corpus,
549 1908 588 1978 et
604 1904 831 2002 Sanguinem
850 1902 995 1978 Christi
1026 1927 1072 1979 ea
1097 1905 1179 2000 ipsa
1207 1916 1295 1976 sunt
1311 1886 1449 2001 quibus
1467 1901 1636 1998 primam

347 2004 544 2090 Dominus
553 2008 659 2104 Jesus
681 2007 970 2083 conversionem
983 2009 1108 2106 egit;
1138 2006 1248 2080 Panis
1273 2004 1455 2078 nimirum
1472 2002 1561 2079 Hoc
1577 2018 1639 2081 est

347 2110 439 2201 enirn
463 2105 605 2205 Corpus
630 2133 763 2184 merim:
796 2104 978 2183 Calicis
972 2132 1064 2183 vero
1089 2108 1169 2182 Hic
1193 2125 1253 2183 est
1279 2110 1373 2180 enim
1393 2104 1511 2181 Calin
1531 2107 1639 2180 San

344 2213 471 2302 guinis
503 2216 601 2298 mei,
625 2215 737 2300 naui,
763 2224 803 2283 et
836 2215 970 2284 aetnni
986 2211 1244 2298 Testamenti,
1270 2207 1497 2301 Mystert'nnt
1509 2208 1640 2301 Fidei,

345 2316 410 2404 qni
429 2329 499 2404 pro
525 2311 658 2402 nobis,
676 2326 718 2386 et
732 2331 805 2429 pro
821 2336 877 2385 mn
879 2313 950 2386 Itis
983 2309 1231 2405 effundetur
1216 2334 1254 2383 ιιι
1282 2313 1527 2386 remissionem
1552 2329 1641 2407 pec·

310 2440 313 2451 ¹
347 2427 524 2487 catorum.
559 2415 805 2510 Disputant
793 2436 832 2486 ιιι
865 2431 1066 2511 utramque
1100 2430 1249 2511 partem
1275 2413 1485 2510 Theologi,
1505 2435 1639 2510 ¹prtum

341 2517 602 2610 praecedentia
632 2517 928 2592 consecrationis
945 2516 1088 2592 Calicis
1118 2515 1237 2594 verba
1259 2516 1398 2591 omnia
1416 2516 1640 2591 sintomni·

345 2639 397 2692 no
427 2619 638 2715 necessaria
656 2677 668 2711 ,
686 2620 949 2711 necessitate,
978 2621 1031 2697 ita
1058 2643 1148 2696 eam
1177 2634 1346 2711 vocant,
1377 2617 1637 2696 Sacrameutii

346 2720 473 2796 Nobis
489 2737 618 2800 tamen
639 2723 689 2797 ab
705 2724 744 2796 id
760 2746 879 2821 genus
895 2721 1234 2820 disceptationibus
1252 2723 1505 2819 supersedere.
1518 2723 1636 2798 satius

343 2821 471 2898 visum
488 2841 557 2901 est.
591 2827 634 2901 ld
661 2825 783 2899 solum
803 2826 1109 2901 animadvertere
1133 2824 1266 2920 lubet,
1291 2848 1367 2898 non
1388 2846 1499 2921 posse
1511 2824 1634 2900 aliam

345 2922 528 3000 sacrificii
556 2930 618 3021 huj
622 2950 661 3003 us
691 2929 884 3022 speciem,
915 2928 995 3003 sine
1024 2929 1099 3004 alia
1124 2928 1371 3016 consecrari,
1394 2928 1462 3001 sed
1486 2942 1635 3003 utram

343 3048 418 3123 que
435 3032 645 3105 successive
672 3030 973 3123 immolandam,
1005 3050 1047 3106 ut
1078 3031 1226 3106 cruenti
1248 2982 1428 3104 Sacriiicii
1459 3051 1637 3106 comme*

345 3131 509 3205 motatio
538 3133 718 3207 salvetur.
750 3132 875 3207 Unde
893 3136 988 3230 Syn.
1007 3134 1131 3207 Tolet.
1146 3134 1221 3207 Vll
1245 3132 1338 3213 Can.
1354 3157 1394 3208 rr
1423 3133 1638 3228 constituit,

343 3246 387 3306 ut
417 3243 450 3306 ιι
439 3232 660 3311 Sacerdoti
696 3235 936 3331 aegritudinis
968 3236 1167 3337 cujuslibet
1192 3233 1364 3311 accidat
1366 3247 1564 3327 eventus,
1564 3261 1635 3333 qao

342 3351 497 3431 caeptam
524 3357 675 3436 nequeat
707 3343 994 3435 cortrecrationis
1013 3340 1157 3436 expleri
1189 3341 1451 3430 ministerium,
1472 3340 1528 3415 sit
1542 3338 1636 3413 liber

340 3457 421 3513 runt
437 3440 648 3538 Episcopo,
675 3445 740 3539 vei
761 3442 984 3532 Presbytero
1009 3446 1125 3517 alteri
1152 3445 1635 3538 consecrationemeasequr·

344 3539 461 3633 offitii
475 3548 600 3637 erepti.
621 3543 710 3620 Nan
737 3549 828 3619 enim
860 3545 967 3618 alind
987 3544 1039 3617 ad
1062 3545 1344 3640 supplementum
1375 3548 1434 3617 rai
1461 3546 1637 3628 initiaris

344 3647 562 3717 ministeriis
589 3651 790 3741 competit,
816 3670 922 3743 quarn
951 3664 1019 3722 ant
1045 3650 1220 3743 incipient
1207 3651 1286 3739 t,ir.
1315 3662 1383 3721 aut
1417 3645 1637 3742 rubmqaen-¹

343 3751 399 3820 tis
430 3748 609 3843 completa
642 3749 851 3825 benedictio
866 3749 1099 3825 Sacerdotis.
1135 3752 1250 3847 ldque
1277 3751 1454 3826 etiamsi
1472 3747 1641 3845 Episco*

343 3872 440 3946 pus,
467 3852 530 3922 vel
547 3849 758 3948 Presbyter
775 3854 1104 3928 consecrationem
1127 3852 1354 3950 perficiens,
1371 3857 1525 3948 jeJ'unus
1551 3875 1641 3953 nort

344 3955 402 4023 sit.
423 3952 543 4037 Quod
557 3953 711 4047 quidem
730 3970 860 4051 postea
876 3955 1041 4030 Missalis
1060 3955 1225 4032 Romani
1241 3954 1419 4031 Rubricis
1433 3956 1495 4048 adj
1498 3945 1629 4031 ectum

300 4110 303 4114 -
343 4070 427 4143 est,
454 4053 501 4136 de
513 4052 672 4146 Defert
697 4060 738 4129 in
766 4056 900 4142 celebr.
923 4058 1044 4132 Mirr.
1070 4056 1166 4148 §.X
1184 4082 1218 4131 n.
1234 4082 1284 4158 3,
1314 4073 1354 4133 et
1369 4058 1522 4154 anoa.
1550 4060 1637 4135 To-
1671 4069 1675 4074 ’

343 4155 409 4247 let
424 4156 476 4228 Xl
493 4155 591 4252 Can.
604 4180 711 4249 arv,
730 4174 774 4234 ut
799 4183 869 4255 pro
890 4184 979 4235 casu
1000 4186 1074 4259 quo
1092 4161 1274 4237 Sacerdos
1293 4161 1470 4236 turbatas
1484 4159 1633 4255 faerit,

342 4258 410 4364 pel·
430 4257 481 4330 ad
503 4274 641 4334 terram
666 4258 855 4351 elisum
834 4281 989 4364 etergo
1006 4285 1143 4363 semper
1160 4264 1315 4380 habeat,
1332 4267 1394 4435 qni
1410 4265 1490 4365 ejus
1504 4265 1634 4341 nimii

265 4445 267 4450 ,
342 4365 564 4537 exsequatur
577 4365 807 4540 intrepidas.
819 4361 876 4470 (¹⁸)
931 4427 934 4435 .
1639 4389 1646 4419 ³

1146 4527 1187 4537 ιι
1247 4529 1278 4538 ,ι
1360 4531 1384 4542 ι,
1459 4510 1648 4546 d.'·=-„.⁸

1310 4549 1321 4564 ⁸
1564 4553 1611 4650 D
