4034 5275
737 477 857 560 Liber
872 479 936 560 ΙΙ.
951 478 1103 558 Titulus
1117 479 1287 559 Hit
1534 479 1613 592 2'17

340 589 502 667 honeste
516 587 659 666 vivere
666 601 808 685 queat
832 587 1065 661 concedatur
1077 609 1192 684 ,qnae
1209 591 1339 662 tamen
1357 585 1509 668 titulato
1527 595 1656 675 oneri·¹

341 713 418 769 non
439 693 500 767 sit.
510 693 593 771 Hae
616 692 700 766 dua
724 689 870 808 priores
893 689 1121 764 Pensionum
1157 688 1473 785 imponendarum
1497 717 1637 794 causae,

339 817 424 895 quaa
440 798 492 870 ad
510 809 702 884 veterem,
717 792 985 891 purioremque
1002 789 1185 866 Ecclesiae
1202 791 1445 890 disciplinam
1462 797 1552 873 satis
1568 823 1642 879 ιιι
1743 891 1748 901 .

340 899 509 987 cedunt,
543 898 701 972 minime
722 892 1014 992 improbanda,
1047 895 1138 968 dum
1164 896 1273 989 juxta
1301 895 1461 997 legesin
1478 901 1635 1075 synodo

339 998 649 1103 chalcedonensi
667 1014 836 1075 servatas
850 997 1141 1073 constituantur.
1652 1084 1657 1092 Ι

393 1126 417 1204 3
444 1104 573 1196 Quum
590 1104 641 1178 ad
656 1101 892 1177 dirimendas
911 1101 1020 1192 lites,
1037 1122 1085 1175 ex
1101 1097 1256 1176 duobus
1267 1101 1317 1177 de
1329 1047 1520 1190 Beneficio
1538 1130 1635 1192 con·

337 1204 606 1305 tendentibus,
627 1203 969 1287 uuiBeneficium
958 1226 997 1277 ιιι
1015 1202 1190 1292 titulum,
1213 1203 1325 1280 alteri
1339 1207 1474 1284 Pensio
1487 1209 1652 1294 tribum·

336 1321 419 1393 tut:
435 1308 530 1404 Cap.
545 1306 632 1409 pde
648 1305 846 1381 Transact.
862 1310 958 1402 Cap.
974 1327 1020 1380 ιι
1037 1308 1082 1381 de
1098 1304 1293 1381 Praebend.
1311 1322 1350 1382 et
1360 1309 1523 1408 Dignit.
1621 1371 1627 1381 .

390 1433 418 1507 4
443 1413 630 1500 Deorum,
643 1431 758 1505 quum
774 1408 813 1482 ιιι
830 1431 943 1484 causa
960 1408 1249 1506 permutationis
1264 1409 1400 1487 Pensio
1425 1417 1645 1495 retineatur.

307 1554 309 1558 ·
336 1515 388 1590 ud
406 1514 727 1610 compensandam
747 1533 935 1587 summam
953 1513 1142 1586 fructuum
1165 1511 1310 1587 dimissi
1327 1511 1526 1599 Beneficii
1540 1540 1630 1593 cum

336 1603 522 1692 fructibus
539 1612 774 1691 tenuioribus
791 1613 972 1690 Beneficii
992 1614 1237 1690 commutati:
1265 1613 1360 1713 Cap
1384 1616 1409 1692 6
1431 1616 1475 1695 de
1494 1617 1637 1696 Rerum

330 1716 614 1814 permutatione

385 1821 451 1896 ιΧ.
475 1820 628 1896 Ροιιο
616 1843 655 1895 ιιι
674 1815 923 1896 Pensionibus
950 1819 1196 1917 imponendis
1213 1766 1385 1919 legitima
1403 1823 1561 1901 omnino
1578 1849 1640 1904 re.

333 1922 496 2022 quiritur
522 1945 663 2000 causa.
695 1924 735 1998 id
765 1924 868 2020 quod
903 1939 983 1998 tum
1008 1922 1280 2019 expluribus,
1312 1939 1394 1998 tum
1419 1927 1481 2000 vel
1504 1929 1629 2003 matti.

314 2036 398 2102 ¹me
430 2046 480 2107 ex
508 2047 556 2101 eo
588 2025 801 2114 evincitur,
834 2028 937 2122 quod
959 2025 1157 2100 ‘Pensionis
1183 2026 1387 2106 concessio
1400 2064 1420 2115 ,··
1444 2040 1630 2127 tanquam

332 2127 412 2219 iuri
434 2129 630 2205 communi
650 2129 842 2214 adversa,
871 2127 1164 2224 dispensationis
1185 2149 1304 2225 genus
1321 2127 1382 2202 sit.
1408 2127 1460 2211 Et
1475 2153 1568 2208 sane
1585 2133 1627 2210 in
1701 2215 1705 2223 ,
1756 2192 1758 2200 1

283 2243 286 2249 '
333 2226 458 2308 Libris
482 2229 744 2307 Decretalium
772 2229 903 2305 titulus
934 2230 1084 2327 prostat
1110 2227 1149 2303 in
1175 2230 1275 2304 hanc
1310 2232 1537 2308 sententiam
1567 2235 1627 2311 in·

331 2333 520 2431 scriptus:
552 2331 608 2408 Ut
622 2329 899 2410 Ecclesiastico
929 2329 1108 2427 beneficia
1134 2333 1213 2407 sine
1246 2329 1485 2413 denrinutione
1500 2337 1624 2431 canfe-

328 2448 478 2514 rantnr.
505 2437 592 2526 Qua
622 2436 672 2509 de
704 2456 746 2510 re
767 2432 1012 2514 Pensionario
1041 2433 1173 2531 plura
1183 2436 1357 2512 cavenda
1381 2453 1498 2532 sunt,
1524 2464 1627 2537 praee

329 2539 462 2613 sertim
480 2535 547 2612 ubi
562 2538 611 2612 de
628 2537 770 2627 tertia,
797 2549 836 2610 et
856 2552 991 2633 quarta
1008 2548 1143 2634 agatur
1159 2534 1366 2612 Pensionis
1381 2538 1640 2637 imponendaex

328 2664 454 2718 causa.
476 2635 537 2716 Et
557 2662 573 2713 1
595 2641 797 2741 quidem,
804 2638 845 2714 si
866 2642 916 2719 de
931 2638 1124 2714 Pensione
1148 2633 1265 2714 ιιοιιο
1284 2640 1409 2736 pacis
1419 2643 1640 2741 imponentes

326 2745 377 2820 da
410 2764 537 2820 sermo
564 2743 643 2834 sit,
670 2744 829 2821 omnino
857 2743 1074 2826 cavendum
1091 2755 1178 2831 est,
1207 2762 1256 2816 ne
1275 2765 1323 2816 ex
1344 2746 1532 2841 pactione
1536 2774 1631 2848 parr-

327 2845 442 2923 tium
451 2847 736 2940 constituatur,
749 2846 810 2921 id
840 2847 946 2945 quod
970 2844 1173 2921 simoniam
1200 2860 1376 2941 saperet·
1407 2846 1499 2945 Cap
1523 2875 1545 2952 7
1576 2854 1643 2939 de,

326 2945 672 3027 Transactionibus.
694 2949 788 3024 Et
777 2972 816 3023 m
832 2948 931 3044 Cap
942 2970 987 3024 ιι
1012 2950 1057 3024 de
1074 2944 1319 3040 Praebmdis,
1347 2946 1413 3024 ubi
1435 2954 1518 3027 haec
1534 2957 1624 3034 Pen

326 3051 443 3126 sionis
459 3052 604 3149 specles
621 3048 776 3173 probari
789 3050 959 3143 videtur,
975 3052 1146 3127 disserte
1151 3048 1285 3126 scribit
1296 3004 1538 3132 innocentius
1552 3062 1639 3139 llls.

326 3153 424 3227 Nisi
440 3169 563 3230 essent
590 3157 670 3229 viri
695 3152 877 3249 menidi,
904 3170 943 3229 et
969 3155 1138 3244 honesti,
1168 3169 1245 3230 tam
1267 3157 1329 3250 qui
1352 3160 1632 3246 ordinationem,

317 3253 525 3347 fecerunt,
553 3258 774 3352 quantilli,
803 3258 907 3331 circa
918 3281 1022 3351 quos
1041 3272 1099 3329 est
1121 3256 1241 3349 facta
1268 3257 1493 3351 ordinatio,
1511 3266 1559 3337 ill
1555 3287 1634 3341 arn¹

324 3380 373 3433 va
376 3357 435 3431 lde
458 3377 664 3455 suspectam
683 3371 838 3455 propter
859 3359 1015 3453 exempli
1035 3359 1230 3453 perniciem
1257 3355 1490 3437 haberemur..
1512 3366 1619 3446 Attae
1734 3370 1737 3376 “

323 3480 413 3537 men
435 3460 474 3533 in
495 3462 631 3539 eadem
645 3461 841 3538 Decretali
874 3476 1048 3536 narratur
1068 3459 1322 3557 DelegatosJ
1289 3483 1310 3534 e
1315 3463 1404 3536 'usd
1423 3465 1615 3547 Pontificis

322 3562 478 3661 Judices
494 3541 670 3660 exffisse
686 3566 804 3639 lassos
820 3562 953 3655 luisse,
972 3587 1012 3638 se
1029 3580 1099 3659 pra
1116 3560 1208 3639 bonta
1217 3567 1348 3659 pacis,
1370 3580 1417 3640 et
1425 3573 1616 3651 utilitatis

321 3665 389 3740 hac
405 3668 616 3755 ordinasse,
632 3665 738 3761 idque
747 3681 838 3761 pust
854 3670 1157 3741 concertationem
1172 3664 1369 3741 diutinam:
1388 3693 1454 3744 nan
1471 3675 1617 3767 quidem

317 3770 543 3861 capucciune
554 3770 739 3863 partium,
749 3768 815 3840 sed
826 3768 1214 3869 exjusrianejudicum
1229 3770 1487 3865 provisionem
1502 3777 1618 3937 illam
1630 3838 1636 3847 .

264 3920 267 3925 ·
317 3869 430 3944 fuisse
451 3868 676 3946 exhibitam.
1628 3949 1634 3959 ,

339 3994 403 4048 n
419 3973 461 4045 ln
484 3974 608 4048 causis
634 3972 753 4048 etiam
772 3971 1084 4072 Resignationi's,
1111 3937 1152 4048 et
1169 3938 1475 4057 Permutationis
1492 3929 1615 4081 quarn

312 4075 528 4151 cautissime
547 4076 802 4151 incedendum
831 4092 915 4152 est:
946 4100 1081 4196 nequme
1096 4078 1198 4152 enim
1218 4081 1274 4150 ha
1293 4078 1474 4177 legitimae
1489 4110 1607 4165 cons·
1620 4169 1623 4176 ,

313 4177 493 4253 tituendae
511 4179 704 4255 Pensionis
726 4202 847 4255 causae
869 4199 983 4271 suut,
1011 4180 1083 4260 nisi
1113 4179 1369 4273 necessitatis,
1386 4191 1607 4267 aututilita·

273 4368 277 4391 1
309 4280 360 4354 tis
368 4280 580 4357 Ecclesiae
569 4284 703 4360 intuitu
718 4282 758 4357 id
772 4283 854 4358 liat·
844 4284 1069 4381 ,omnisque
1087 4283 1203 4374 lucri,
1221 4284 1424 4364 alteriusve
1441 4313 1612 4369 commm

310 4382 351 4456 di
368 4388 589 4482 temporalis
607 4404 810 4484 praetextus
827 4389 1089 4483 praecidendus
1104 4402 1173 4461 est:
1194 4386 1285 4486 Syn.
1298 4388 1426 4465 Οιιοιι.
1439 4394 1531 4468 (an
1543 4416 1612 4476 ιιι.

309 4484 400 4641 Non
422 4492 558 4616 desunt
585 4490 725 4624 enirn,
750 4512 819 4599 qut
803 4489 1066 4571 Beneficium
1087 4490 1319 4586 dimittunt,
1343 4490 1527 4574 Pensione
1545 4522 1608 4576 re

1516 4608 1613 4673 'Ru-
