4034 5275
371 476 436 576 ·8‘4
700 472 990 554 'Institutionum
1000 470 1268 552 Uanbnicarinm
1330 554 1333 561 ,
1605 558 1638 579 .-

359 576 611 658 tionemibid.¹
623 579 786 658 scilicet:
799 582 917 679 Quum
931 594 1104 675 potestas
1118 578 1252 677 Regia·
1263 570 1316 651 ad
1333 572 1649 673 tranquilitatem,-

358 699 398 759 et
432 686 556 761 bonum
573 684 973 782 Reipublicae'tnendae
1001 685 1055 755 sit
1080 685 1311 778 potissimum
1335 682 1542 772 instituta,
1567 682 1650 785 ejm

359 801 419 862 est
449 788 511 878 id,
539 788 631 885 quod
649 789 700 861 ad
721 789 811 862 hunc
824 784 932 880 finem
951 782 1179 859 obtinendum
1201 781 1453 873 desideratur,
1465 784 1649 878 provide·

348 912 414 964 re.
445 892 566 989 Quale
596 906 655 965 est
685 894 788 963 circa
807 888 1058 961 Matrimonia
1087 886 1239 961 ineunda
1270 888 1416 959 sancire
1439 886 1520 960 ilia
1548 890 1650 983 impe

351 993 487 1071 ,diendo
502 1047 525 1080 ,.
538 1008 585 1065 et.
598 992 799 1071 irritando.
824 989 913 1064 Inde
932 994 1024 1063 enim
1041 993 1195 1062 maxime
1214 988 1346 1082 pendet
1371 987 1649 1083 tranquillitas,

359 1109 396 1168 et
414 1110 520 1167 recta
536 1094 766 1189 Reipublicae
779 1093 1010 1189 gubernatio.
1034 1092 1163 1187 Quare
1182 1091 1330 1186 egregie
1345 1085 1653 1167 memmasce*

361 1211 492 1268 cotnra
506 1196 643 1269 Gentes
665 1215 746 1290 cap.
763 1202 836 1294 78,
869 1210 906 1266 et
923 1197 1008 1268 Lib.
1022 1196 1043 1266 I
1049 1192 1096 1265 V
1116 1194 1285 1267 Sentent.
1311 1190 1420 1266 Dist.
1437 1189 1652 1266 XXXIV

360 1297 509 1392 Quest.
552 1322 610 1369 un.
655 1314 730 1370 att.
762 1321 777 1369 1
810 1296 860 1367 ad
883 1317 909 1388 4
930 1296 1059 1385 dixit3
1091 1292 1374 1367 Matrimonium
1404 1295 1457 1364 iu·
1475 1309 1648 1389 quantum

359 1414 586 1472 contractum
603 1401 746 1474 civilem
765 1401 802 1470 in
821 1396 983 1492 officium
1004 1400 1274 1470 communitatis
1298 1397 1510 1469 institutum
1527 1393 1651 1499 subja-

360 1522 441 1573 cere
473 1502 570 1597 legis
602 1502 733 1575 ciuilis
758 1502 1017 1573 Ordintationi:
1056 1498 1228 1571 Eandem
1263 1496 1490 1601 sententiam
1526 1512 1649 1573 tuetur

360 1601 492 1676 Petrus
521 1605 609 1677 soto
635 1607 743 1676 Lect.
761 1602 835 1676 IV
857 1599 901 1673 de
916 1600 1188 1688 Matrimonia,
1219 1599 1283 1696 qui
1311 1614 1350 1671 et
1379 1599 1461 1693 ipse
1487 1620 1574 1673 eam
1604 1624 1650 1677 ex

362 1701 413 1776 D.
429 1705 576 1778 Thomu
608 1705 773 1777 hausisse
810 1705 932 1775 videri
969 1704 1050 1776 vutlt
1080 1701 1132 1775 ob
1167 1705 1249 1775 haec
1270 1700 1448 1797 Angelici
1471 1700 1651 1778 Doctosis

362 1803 480 1878 verba
514 1809 628 1878 modo
665 1808 832 1879 indicato
862 1804 944 1877 Lib.
965 1804 1016 1877 lV
1049 1821 1180 1878 contra
1203 1800 1349 1876 Gentes
1381 1824 1468 1899 cap.
1492 1804 1579 1903 78e·
1605 1805 1651 1879 ln

352 1921 531 1999 qnantum
550 1911 670 2003 igitur
701 1907 894 1981 ordinatur
920 1905 970 1979 ad
990 1904 1114 1980 bonnm
1128 1920 1300 1994 natnrae,
1323 1904 1418 2000 quod
1438 1921 1499 1979 est
1522 1908 1652 2003 perpe.

356 2012 484 2083 'tuitus
509 2016 671 2107 speciei,
700 2010 883 2104 dirigitur
904 2012 942 2081 in
958 2004 1068 2100 finem
1088 2008 1113 2080 d
1137 2022 1275 2080 natura
1299 2009 1482 2081 inclinata
1498 2010 1540 2081 'in
1556 2008 1650 2085 buno

350 2106 487 2201 tinem,
515 2125 553 2186 et
581 2115 636 2184 sic
660 2112 798 2188 dicitur
823 2134 902 2185 esse
925 2124 1071 2186 natura
1091 2109 1272 2205 officium:
1297 2112 1532 2204 inquantum
1563 2134 1652 2188 veto

353 2212 556 2285 ordinatur
577 2212 625 2285 ab
648 2213 772 2285 bonum
795 2216 1015 2304 politicum,
1045 2212 1212 2311 subjacet
1226 2210 1467 2285 Ordinationi
1480 2213 1581 2309 Iegis
1598 2218 1651 2289 ci·

359 2313 454 2387 uilis
470 2338 482 2401 ς
513 2317 550 2385 in
577 2333 745 2406 quantum
759 2316 881 2406 igitur
896 2310 947 2385 ad
963 2310 1086 2386 bonum
1101 2312 1284 2387 Ecclesia
1300 2313 1526 2404 ordinatur,
1554 2334 1653 2411 oport

360 2425 420 2487 tet
445 2429 487 2486 ut
504 2413 704 2513 subjaceat
728 2416 898 2507 regimini
915 2413 1200 2488 Ecclesiastico.¹
1231 2415 1328 2487 Tum
1353 2430 1392 2489 et
1410 2417 1663 2509 Christianus·

360 2513 488 2611 Lupus
507 2516 662 2590 Dissert.
689 2520 700 2589 Ι
720 2516 884 2589 Prooem.
901 2538 987 2610 cap.
1003 2541 1047 2590 10
1063 2515 1235 2590 Tom.1V
1251 2515 1376 2589 Schol.
1400 2518 1439 2591 in
1455 2512 1664 2613 Cononem

355 2622 465 2711 ¹cujus
481 2621 563 2694 haec
584 2638 670 2694 sunt
689 2618 825 2693 umbaz
852 2618 1002 2693 Etenim
1020 2617 1293 2709 Matrimonia,
1319 2620 1415 2714 quod
1441 2641 1507 2698 non
1532 2622 1650 2696 solnm

352 2720 488 2798 -Cbrisc
500 2729 618 2796 ionum
631 2723 932 2809 Sacramentum,
951 2721 1017 2795 sed
1032 2721 1461 2799 etCiuilisContractus
1475 2723 1652 2814 sit,-diri·

358 2830 493 2898 atentia
504 2828 519 2895 i
524 2824 759 2917 mpedimento
772 2837 958 2906 statuere,
972 2822 1101 2896 dudum
1118 2821 1192 2898 sibi
1209 2825 1457 2920 abrogarunt,
1469 2850 1518 2900 ac
1533 2847 1652 2904 reseri
1687 2847 1694 2862 ‘

274 3015 276 3020 Ι
359 2939 499 2998 varunt
521 2927 733 3000 Christiani
768 2923 1006 2998 Romanorum
1024 2926 1207 3021 Augusti.
1240 2926 1347 2999 Idem
1382 2927 1560 3022 pluribus·
1583 2931 1652 3026 dei

359 3042 547 3100 monstrat
563 3026 690 3100 Sebol.
706 3029 743 3097 in
757 3024 912 3098 Cannu
941 3029 1106 3105 Concilii
1122 3028 1286 3102 Romani
1304 3027 1427 3104 habiti
1443 3029 1513 3105 sub
1530 3029 1650 3107 Nico*

359 3125 424 3204 leo
442 3131 500 3216 ΙΙ,
522 3145 561 3201 et
581 3130 733 3224 quidem
760 3145 840 3200 tum
874 3152 920 3200 ex
942 3129 1089 3226 legibus
1106 3130 1391 3225 Imperatoriis‚
1422 3147 1502 3206 tum
1528 3135 1651 3212 etiam

353 3252 405 3324 ,ex
439 3233 692 3304 monumentis
723 3229 1027 3333 Ecclesiasticiss
1059 3232 1146 3304 dein
1175 3234 1651 3330 concludite'Antiquitus

356 3334 501 3408 Laicus
512 3335 686 3429 Pr.›nceps
701 3334 954 3427 impedimento
965 3334 1205 3407 Matrimonii
1222 3338 1279 3407 uti
1295 3337 1565 3427 constituebat,
1585 3342 1650 3414 ita

360 3450 400 3512 et
427 3437 666 3529 dispensabat
669 3486 726 3507 .....
728 3453 765 3507 et
798 3435 864 3508 boc
886 3437 973 3535 jure
987 3437 1166 3510 Occidens
1198 3436 1328 3512 dudum
1357 3441 1471 3513 vicit.
1494 3437 1649 3516 Etenim

361 3537 460 3629 apud
478 3540 669 3610 Aurelium
696 3535 954 3609 Cassiodorum
988 3553 1121 3613 exstat.
1145 3538 1325 3612 sollemnis
1344 3513 1536 3632 form-uia,
1571 3563 1648 3635 qua

295 3678 299 3684 ·
331 3707 333 3712 ,
355 3639 576 3711 Occidentis
597 3640 774 3732 Princeps
812 3648 922 3713 etiam
952 3654 1037 3713 tnnc
1064 3640 1207 3712 solebat
1227 3639 1478 3737 Consobrinis·
1497 3643 1649 3718 ineundi

251 3802 254 3807 .
356 3740 519 3841 aonpzngii
533 3740 784 3829 facultatem,
806 3764 868 3813 seu
886 3742 1188 3837 dispensationem
1205 3745 1427 3833 rescribere,
1452 3764 1498 3820 ac
1512 3748 1646 3841 imper·

357 3848 439 3922 tint.
455 3842 633 3916 Dominus
648 3841 864 3916 Cardinalis
879 3843 1011 3917 Casan
1028 3845 1214 3919 Beronius
1229 3849 1425 3921 existimat
1441 3844 1645 3922 Consobri-

356 3967 500 4032 norum,
531 3947 634 4017 immo
651 3964 687 4019 et
705 3944 914 4017 ulteriorum
931 3946 1112 4044 graduum
1133 3946 1300 4043 conjugia
1310 3946 1435 4041 sitisse
1450 3946 1645 4025 christina

355 4048 415 4123 uis
432 4047 535 4141 longe
559 4050 664 4140 prius
686 4046 920 4136 interdicta,
951 4050 1096 4143 ideoque
1118 4049 1294 4123 laudatas
1317 4051 1417 4145 leges
1434 4050 1644 4145 definite'de

310 4177 312 4182 ·
355 4151 447 4234 tusis
463 4148 644 4246 conjugiis
659 4150 861 4243 gentilium.
874 4149 922 4220 V
918 4175 1015 4225 eroum
1034 4151 1210 4247 bucusque
1224 4152 1388 4226 adducta
1404 4152 1525 4227 lucide
1539 4157 1644 4229 euin·-

354 4271 440 4324 eunt
470 4250 583 4324 aliud.
617 4252 672 4323 Et
697 4252 819 4324 horum
846 4254 1172 4347 impedimentorum
1204 4257 1423 4329 constitutio
1439 4278 1524 4352 ‚ac
1542 4256 1644 4331 tela·

354 4360 462 4432 ratio
492 4353 617 4428 'dedum
632 4370 857 4449 'spectarunt
886 4365 935 4432 ad
950 4359 1156 4452 Principem
1172 4358 1395 4454 Augustum.
1420 4355 1644 4436 Observant

353 4469 508 4552 nemen,
536 4475 576 4533 et
594 4456 772 4557 ,ingenue
799 4458 965 4537 fatentur
994 4460 1239 4544 hiA-uctores
1268 4459 1373 4539 illam
1405 4475 1642 4568 potestatem

1408 4569 1680 4668 ...μοι·’
