4034 5275
370 479 422 557 68
699 476 980 555 Institutionum
1008 478 1273 557 Canonicar'nnt

351 585 523 674 utuntur,
544 600 611 682 'quo
633 580 829 657 liberiores
852 584 953 673 sint,
975 583 1027 656 ad
1045 607 1146 658 strom
1156 581 1224 682 jus
1247 575 1374 680 cuique
1398 578 1642 677 tribuer'td1nt3¹

349 687 462 762 multo
490 684 534 759 id
564 688 685 782 magis
713 688 751 757 in
779 683 1022 778 confessionis
1042 684 1191 785 judicio
1214 684 1433 760 servandum
1464 701 1551 773 est3
1579 680 1644 760 abi

308 885 311 891 Ι
353 789 459 862 salus
483 790 614 884 agitur
639 790 865 862 animarum:
888 788 982 883 Syn.
1003 788 1130 861 Tolet.
1153 784 1547 880 an.1582Aot.III
1566 780 1646 857 De-

354 903 447 964 eret.
475 890 525 964 ‘26
554 890 648 965 alias
672 910 735 989 27.
765 889 816 963 Et
841 904 882 962 ut
906 889 929 962 a
953 890 1287 964 sacramentorum
1314 887 1648 969 administrattooa

355 993 513 1067 tollatur
529 994 655 1066 omnis
679 991 849 1066 avaritiae
875 992 1039 1086 suspicio
1056 1047 1068 1080 ,
1091 1011 1212 1088 neque
1229 1006 1407 1066 votorum
1424 1003 1646 1065 oomnmta·

356 1095 412 1169 tio
440 1097 478 1168 in
498 1097 692 1191 propriam
709 1091 940 1168 confessarii
967 1094 1169 1168 utilitatem
1193 1093 1342 1167 edenda
1363 1107 1447 1178 est,
1466 1087 1648 1189 quamvis

356 1195 621 1271 Confessarius
648 1215 802 1291 arrepta
830 1197 957 1290 aliqua
987 1201 1151 1290 pecunia
1175 1196 1387 1289 quantitate
1417 1215 1458 1269 se
1489 1189 1647 1270 Missas

356 1300 622 1374 celebraturum
645 1323 725 1374 esse
746 1298 851 1373 dieat
855 1347 914 1371 .....
937 1296 1016 1393 Qui
1040 1293 1321 1387 contrafecerit
1342 1299 1382 1370 in
1403 1293 1647 1375 excommuni-

357 1407 535 1476 cationem
558 1401 726 1475 incidor:
755 1402 848 1496 Syn.
869 1398 1024 1474 Valent.
1046 1402 1141 1473 Sess.
1168 1399 1202 1469 ll
1231 1398 1306 1472 Tit.
1335 1400 1371 1471 ll
1395 1418 1482 1492 cap.
1507 1392 1649 1509 18.(*)

408 1499 489 1603 (**)
517 1503 600 1577 XV.
617 1503 764 1579 Caveat
778 1520 896 1577 autem
913 1505 1048 1576 omnino
1064 1498 1345 1591 confessarius,
1361 1523 1403 1573 ne
1419 1495 1554 1586 uerbo,
1569 1506 1648 1573 aut·

358 1609 492 1700 signo,
516 1622 581 1681 aut
598 1607 673 1681 olio
695 1607 826 1699 quouis
844 1605 942 1682 modo
960 1604 1191 1700 aliquatenus
1204 1603 1343 1695 prodat
1360 1612 1648 1696 peccatorem...‘.

359 1713 523 1799 quoniam
551 1712 613 1802 qui
636 1722 824 1801 peccatum
853 1709 891 1778 in
908 1703 1160 1800 poenitentiali
1181 1702 1326 1806 judicio
1359 1703 1435 1777 sibi
1462 1701 1647 1803 detectam

355 1817 613 1901 praesumserit
632 1808 824 1897 revelare,
850 1832 920 1880 non
937 1807 1051 1880 solum
1077 1806 1102 1880 d
1128 1802 1370 1882 Sacerdotali
1393 1800 1518 1899 officio
1538 1800 1649 1898 depo·

340 1908 537 1997 nendum,
564 1932 688 1985 verunt
716 1913 829 1984 etiam
860 1907 911 1981 ad
933 1908 1108 2003 agendam
1129 1922 1304 2001 perpetuo
1322 1906 1579 2004 poenitentiam
1604 1904 1649 1977 in

362 2029 505 2085 metum
528 2012 801 2087 Monusterium
824 2010 1079 2085 detrudendum
1097 2009 1272 2084 decrevit
1297 2013 1498 2083 Innocent.
1525 2006 1582 2079 lll
1601 2002 1649 2078 de

360 2116 500 2190 Paenit.
515 2116 558 2188 de
571 2119 730 2190 Remiss.
749 2113 842 2207 Cap.
861 2134 928 2203 123
942 2113 1003 2187 cui
1018 2127 1202 2187 consonat
1217 2111 1299 2185 Lea
1311 2111 1355 2185 X
1352 2105 1480 2184 XXV-
1490 2105 1569 2184 Tit.
1580 2099 1651 2179 IV

362 2215 477 2289 Part.
496 2220 528 2290 l.
546 2218 728 2312 Rigorem
747 2216 852 2287 auxit
869 2215 960 2309 Syn.
977 2214 1185 2286 Pennafid.
1205 2214 1299 2308 Cap.
1316 2210 1382 2300 V,
1398 2210 1650 2297 constituens,

362 2316 458 2409 quod
485 2319 521 2388 si
546 2321 607 2410 qui
634 2331 711 2388 tam
741 2315 894 2407 nefandi
917 2318 1083 2388 criminis
1108 2317 1164 2388 rei
1193 2318 1335 2391 inuenti
1357 2314 1529 2410 fuerint,
1557 2325 1652 2384 tart·

364 2439 471 2511 quam
498 2417 714 2511 deportati,
744 2431 782 2490 et
809 2420 847 2488 in
875 2417 1058 2490 metallum
1083 2415 1277 2509 damnati,
1300 2430 1474 2512 perpetuo
1499 2410 1648 2488 aarum

365 2522 644 2613 mancipentur,
658 2539 773 2613 pune,
790 2532 829 2593 et
848 2540 944 2614 aqna
955 2537 1026 2612 pro
1043 2521 1137 2592 uitae
1153 2525 1420 2596 sustentatione
1436 2511 1655 2591 solummodo

364 2630 602 2714 reservatis,
632 2623 721 2721 quin
751 2620 910 2716 et--Cap
941 2621 1012 2698 Vt
1038 2620 1215 2695 omnibus
1240 2623 1409 2714 ejusdem
1438 2616 1652 2696 Provinciae

363 2725 489 2797 Tolet.
520 2725 732 2819 Episcopis-
749 2725 938 2817 injunxit,
968 2739 1009 2798 ut
1033 2723 1353 2798 Constitutionem
1380 2726 1483 2798 hanc
1510 2721 1559 2795 iu'
1580 2740 1651 2794 sua

364 2826 522 2921 quisque
544 2826 714 2900 Dioecesi
740 2824 1060 2922 promulgandam
1085 2840 1234 2906 curent«
1254 2822 1310 2928 (*)

417 2923 498 3028 (*-*)
524 2928 627 3001 XVl.
648 2927 948 3001 'Animadvertat
964 2949 1113 3024 quoque
1135 2926 1426 3015 confessarius,
1453 2923 1656 3000 Poeniten·

364 3028 428 3101 tiae
445 3028 569 3102 forum
586 3029 712 3102 locum
731 3049 809 3100 non
829 3051 909 3102 esse
926 3046 1059 3124 aptum
1071 3028 1277 3125 superfluis
1294 3025 1546 3103 sermonibus,
1562 3026 1653 3122 Spl-

366 3131 462 3203 ritus
482 3130 638 3203 luxuriae
665 3130 971 3225 potentissimus,
1000 3130 1293 3220 subtilissimus,
1315 3147 1355 3205 et
1376 3130 1656 3228 audacissimus

366 3236 451 3323 est„
480 3234 532 3306 ita
559 3249 599 3305 ut
631 3253 679 3306 ne
704 3233 795 3327 ipsis
827 3247 960 3327 parcat
982 3232 1276 3324 Sacerdotibus,
1304 3255 1419 3331 quum
1447 3231 1497 3306 ad
1525 3232 1656 3326 ipsum

366 3335 635 3411 debellandum
658 3356 698 3409 se
720 3335 868 3410 sistunt.
894 3335 980 3425 Qua
1004 3337 1053 3410 de
1074 3356 1117 3409 re
1145 3334 1249 3430 praef.
1276 3335 1421 3431 Synod.
1439 3332 1562 3411 Tolet.
1578 3352 1656 3405 an·

366 3459 417 3510 no
443 3440 538 3529 1582
566 3438 660 3511 Act.
688 3436 761 3509 III
773 3435 892 3509 Dect.
910 3440 959 3509 28
986 3438 1081 3514 alias
1103 3457 1153 3533 29
1176 3437 1447 3525 Sacerdotem,
1470 3434 1535 3554 qui
1561 3453 1656 3507 cum

366 3538 553 3625 foernioa,
576 3540 679 3627 cujus
700 3552 811 3610 antea
835 3535 1125 3611 Confessionem
1147 3539 1321 3628 audivit,
1348 3536 1656 3634 polluitur,‘per

366 3640 653 3734 suspensionem
681 3636 731 3711 ab
752 3637 921 3726 Officio,
946 3654 985 3711 et
1008 3638 1224 3726 Beneficio,
1249 3641 1405 3739 aliisque
1431 3636 1657 3735 poeuispu-

368 3741 551 3815 uieudum
573 3740 710 3811 sanxit.
729 3739 856 3812 Plures
873 3740 1018 3814 Summi
1038 3739 1239 3815 Pontifices
1254 3743 1293 3816 in
1316 3739 1579 3817 Confessatios
1596 3759 1656 3811 so·
1695 3785 1699 3790 -

367 3843 560 3918 licitantes
582 3840 885 3916 constitutiones
902 3843 1071 3916 edidere.
1095 3843 1232 3916 Paulus
1249 3844 1330 3931 tv,
1357 3845 1443 3918 Pius
1460 3841 1514 3917 lV
1531 3894 1544 3930 ,
1563 3837 1669 3924 Cle·¹

367 3960 498 4019 mente
510 3942 623 4032 Vlll,
639 3942 776 4018 Paulus
790 3943 839 4017 V.
853 3945 1026 4019 Tandem
1041 3966 1133 4019 vero
1147 3941 1358 4043 Gregorius
1371 3944 1443 4020 XV
1457 3965 1519 4019 au.
1540 3940 1657 4037 1622,

367 4045 589 4121 Alexander
616 4045 688 4119 Vll
715 4068 778 4120 an,
802 4044 927 4137 1665,
950 4063 989 4121 et
1007 4067 1127 4142 nuper
1151 4045 1379 4122 Benedictus
1400 4046 1489 4121 XlV
1514 4067 1542 4118 t:
1562 4043 1656 4142 Julii

366 4167 429 4223 an.
454 4163 574 4246 1741,
590 4170 748 4244 quarum
768 4150 805 4219 vi
824 4146 1149 4222 Constitutiouum
1162 4148 1412 4224 denuntiandi
1429 4162 1515 4222 sunt
1530 4150 1657 4222 luttere⁴

369 4251 454 4324 ticae
481 4248 680 4344 pravitatis
705 4248 991 4347 inquisitoribus
1015 4249 1262 4338 Sacerdotes,
1285 4251 1499 4349 quicunque
1521 4250 1547 4323 ii
1564 4250 1657 4339 sint,

368 4352 432 4448 qui
459 4351 711 4448 poeniteutem
728 4352 808 4424 sive
830 4350 868 4423 in
887 4366 973 4426 actu
990 4352 1283 4447 sacramentalis
1299 4351 1586 4441 Confessionis,
1606 4350 1658 4425 si-

367 4474 415 4528 ve
433 4469 553 4545 aute,
576 4452 639 4529 vel
659 4453 880 4530 immediate
897 4470 1012 4551 post,
1034 4456 1114 4533 sive
1129 4451 1356 4551 occasione,
1379 4471 1444 4533 aut
1467 4466 1657 4633 praegesta
1705 4489 1709 4494 ·

1580 4575 1656 4631 ou·
