<?xml version="1.0" encoding="UTF-8"?>
<!DOCTYPE html PUBLIC "-//W3C//DTD XHTML 1.0 Transitional//EN"
    "http://www.w3.org/TR/xhtml1/DTD/xhtml1-transitional.dtd">
<html xmlns="http://www.w3.org/1999/xhtml" xml:lang="en" lang="en">
 <head>
  <title>
</title>
<meta http-equiv="Content-Type" content="text/html;charset=utf-8" />
  <meta name='ocr-system' content='tesseract 3.04.00' />
  <meta name='ocr-capabilities' content='ocr_page ocr_carea ocr_par ocr_line ocrx_word'/>
</head>
<body>
  <div class='ocr_page' id='page_1' title='image "./institutionumca00selvgoog_0029.png"; bbox 0 0 4034 5275; ppageno 0'>
   <div class='ocr_carea' id='block_1_1' title="bbox 362 481 1692 1414">
    <p class='ocr_par' dir='ltr' id='par_1_1' title="bbox 362 481 1692 1414">
     <span class='ocr_line' id='line_1_1' title="bbox 722 481 1634 586; baseline -0.008 -19"><span class='ocrx_word' id='word_1_1' title='bbox 722 526 733 546; x_wconf 90' lang='lat'><strong>·-</strong></span> <span class='ocrx_word' id='word_1_2' title='bbox 793 481 1271 566; x_wconf 57' lang='lat' dir='ltr'><strong>[attellanarum.</strong></span> <span class='ocrx_word' id='word_1_3' title='bbox 1571 500 1634 586; x_wconf 80' lang='lat'><strong>&#39;17</strong></span> 
     </span>
     <span class='ocr_line' id='line_1_2' title="bbox 368 573 1692 689; baseline -0.008 -15"><span class='ocrx_word' id='word_1_4' title='bbox 368 620 419 674; x_wconf 90' lang='lat' dir='ltr'><strong>ne</strong></span> <span class='ocrx_word' id='word_1_5' title='bbox 434 597 470 672; x_wconf 92' lang='lat' dir='ltr'><strong>in</strong></span> <span class='ocrx_word' id='word_1_6' title='bbox 486 594 661 672; x_wconf 75' lang='lat' dir='ltr'>Ecclesia</span> <span class='ocrx_word' id='word_1_7' title='bbox 676 591 948 675; x_wconf 74' lang='lat' dir='ltr'><strong>occidentali,</strong></span> <span class='ocrx_word' id='word_1_8' title='bbox 972 612 1047 665; x_wconf 91' lang='lat' dir='ltr'><strong>una</strong></span> <span class='ocrx_word' id='word_1_9' title='bbox 1065 605 1227 684; x_wconf 84' lang='lat' dir='ltr'><strong>excepta</strong></span> <span class='ocrx_word' id='word_1_10' title='bbox 1244 573 1525 664; x_wconf 85' lang='lat' dir='ltr'><strong>Mediolanensi</strong></span> <span class='ocrx_word' id='word_1_11' title='bbox 1542 643 1555 680; x_wconf 96' lang='lat'><strong>,</strong></span> <span class='ocrx_word' id='word_1_12' title='bbox 1576 591 1660 667; x_wconf 87' lang='lat' dir='ltr'><strong>haec</strong></span> <span class='ocrx_word' id='word_1_13' title='bbox 1690 684 1692 689; x_wconf 8' lang='grc' dir='ltr'><strong>Δ</strong></span> 
     </span>
     <span class='ocr_line' id='line_1_3' title="bbox 362 687 1609 798; baseline -0.008 -22"><span class='ocrx_word' id='word_1_14' title='bbox 362 703 451 776; x_wconf 87' lang='lat' dir='ltr'><strong>sola</strong></span> <span class='ocrx_word' id='word_1_15' title='bbox 466 692 644 798; x_wconf 81' lang='lat' dir='ltr'><strong>tingendi</strong></span> <span class='ocrx_word' id='word_1_16' title='bbox 662 755 675 788; x_wconf 89' lang='lat'><strong>,</strong></span> <span class='ocrx_word' id='word_1_17' title='bbox 709 696 773 772; x_wconf 89' lang='lat' dir='ltr'><strong>vel</strong></span> <span class='ocrx_word' id='word_1_18' title='bbox 803 693 1164 792; x_wconf 85' lang='lat' dir='ltr'><strong>super-infundendi</strong></span> <span class='ocrx_word' id='word_1_19' title='bbox 1182 713 1337 787; x_wconf 88' lang='lat' dir='ltr'><strong>prorsus</strong></span> <span class='ocrx_word' id='word_1_20' title='bbox 1355 687 1609 795; x_wconf 85' lang='lat' dir='ltr'><strong>obtineat.(*)</strong></span> 
     </span>
     <span class='ocr_line' id='line_1_4' title="bbox 369 793 1662 905; baseline -0.005 -27"><span class='ocrx_word' id='word_1_21' title='bbox 369 832 371 836; x_wconf 66' lang='grc'>’</span> <span class='ocrx_word' id='word_1_22' title='bbox 422 801 504 905; x_wconf 80' lang='grc'>(**)</span> <span class='ocrx_word' id='word_1_23' title='bbox 512 806 555 877; x_wconf 88' lang='grc' dir='ltr'><strong>Χ.</strong></span> <span class='ocrx_word' id='word_1_24' title='bbox 582 802 620 876; x_wconf 90' lang='lat' dir='ltr'><strong>Si</strong></span> <span class='ocrx_word' id='word_1_25' title='bbox 638 817 766 876; x_wconf 86' lang='lat' dir='ltr'><strong>autem</strong></span> <span class='ocrx_word' id='word_1_26' title='bbox 784 820 955 898; x_wconf 85' lang='lat' dir='ltr'><strong>quaetas,</strong></span> <span class='ocrx_word' id='word_1_27' title='bbox 976 816 1053 894; x_wconf 88' lang='lat' dir='ltr'><strong>quo</strong></span> <span class='ocrx_word' id='word_1_28' title='bbox 1071 812 1186 890; x_wconf 89' lang='lat' dir='ltr'><strong>pacto</strong></span> <span class='ocrx_word' id='word_1_29' title='bbox 1204 793 1391 889; x_wconf 89' lang='lat' dir='ltr'><strong>baptizati</strong></span> <span class='ocrx_word' id='word_1_30' title='bbox 1408 795 1502 869; x_wconf 88' lang='lat' dir='ltr'><strong>olim</strong></span> <span class='ocrx_word' id='word_1_31' title='bbox 1519 795 1662 871; x_wconf 85' lang='lat' dir='ltr'><strong>fuerint</strong></span> 
     </span>
     <span class='ocr_line' id='line_1_5' title="bbox 367 897 1660 1004; baseline -0.004 -25"><span class='ocrx_word' id='word_1_32' title='bbox 367 906 489 995; x_wconf 67' lang='lat' dir='ltr'><strong>teari,</strong></span> <span class='ocrx_word' id='word_1_33' title='bbox 520 906 586 1004; x_wconf 89' lang='lat' dir='ltr'><strong>qui</strong></span> <span class='ocrx_word' id='word_1_34' title='bbox 615 906 653 977; x_wconf 91' lang='lat' dir='ltr'><strong>in</strong></span> <span class='ocrx_word' id='word_1_35' title='bbox 676 925 798 1000; x_wconf 73' lang='lat' dir='ltr'><strong>&#39;aquas</strong></span> <span class='ocrx_word' id='word_1_36' title='bbox 831 903 913 975; x_wconf 92' lang='lat' dir='ltr'><strong>sine</strong></span> <span class='ocrx_word' id='word_1_37' title='bbox 945 901 1035 972; x_wconf 78' lang='lat' dir='ltr'><strong>vitae</strong></span> <span class='ocrx_word' id='word_1_38' title='bbox 1067 897 1238 994; x_wconf 87' lang='lat' dir='ltr'><strong>periculo</strong></span> <span class='ocrx_word' id='word_1_39' title='bbox 1272 898 1429 971; x_wconf 83' lang='lat' dir='ltr'>immitti</span> <span class='ocrx_word' id='word_1_40' title='bbox 1451 920 1526 971; x_wconf 94' lang='lat' dir='ltr'><strong>non</strong></span> <span class='ocrx_word' id='word_1_41' title='bbox 1558 917 1660 994; x_wconf 85' lang='lat' dir='ltr'><strong>pote·</strong></span> 
     </span>
     <span class='ocr_line' id='line_1_6' title="bbox 365 1001 1661 1103; baseline -0.005 -22"><span class='ocrx_word' id='word_1_42' title='bbox 365 1026 481 1100; x_wconf 69' lang='lat' dir='ltr'><strong>rant,</strong></span> <span class='ocrx_word' id='word_1_43' title='bbox 515 1010 750 1103; x_wconf 82' lang='lat' dir='ltr'><strong>suspicamur</strong></span> <span class='ocrx_word' id='word_1_44' title='bbox 772 1006 885 1081; x_wconf 84' lang='lat' dir='ltr'><strong>fuisse</strong></span> <span class='ocrx_word' id='word_1_45' title='bbox 913 1025 983 1098; x_wconf 88' lang='lat' dir='ltr'><strong>per</strong></span> <span class='ocrx_word' id='word_1_46' title='bbox 1009 1001 1298 1093; x_wconf 66' lang='lat' dir='ltr'>aspersionem,</span> <span class='ocrx_word' id='word_1_47' title='bbox 1328 1001 1391 1074; x_wconf 87' lang='lat' dir='ltr'><strong>vel</strong></span> <span class='ocrx_word' id='word_1_48' title='bbox 1420 1001 1661 1094; x_wconf 81' lang='lat' dir='ltr'><strong>infusionem,</strong></span> 
     </span>
     <span class='ocr_line' id='line_1_7' title="bbox 363 1098 1662 1204; baseline 0 -23"><span class='ocrx_word' id='word_1_49' title='bbox 363 1111 424 1184; x_wconf 86' lang='lat' dir='ltr'><strong>uti</strong></span> <span class='ocrx_word' id='word_1_50' title='bbox 457 1112 641 1185; x_wconf 80' lang='lat' dir='ltr'>discimus</span> <span class='ocrx_word' id='word_1_51' title='bbox 674 1131 721 1183; x_wconf 87' lang='lat' dir='ltr'><strong>ex</strong></span> <span class='ocrx_word' id='word_1_52' title='bbox 751 1107 786 1181; x_wconf 90' lang='lat' dir='ltr'><strong>S.</strong></span> <span class='ocrx_word' id='word_1_53' title='bbox 812 1106 1013 1204; x_wconf 81' lang='lat' dir='ltr'><strong>¹Cypriano</strong></span> <span class='ocrx_word' id='word_1_54' title='bbox 1030 1104 1160 1199; x_wconf 85' lang='lat' dir='ltr'><em>Epist.</em></span> <span class='ocrx_word' id='word_1_55' title='bbox 1177 1098 1366 1177; x_wconf 83' lang='lat' dir='ltr'><em>LXXVI</em></span> <span class='ocrx_word' id='word_1_56' title='bbox 1385 1103 1438 1176; x_wconf 84' lang='lat' dir='ltr'><strong>ad</strong></span> <span class='ocrx_word' id='word_1_57' title='bbox 1457 1103 1596 1199; x_wconf 84' lang='lat' dir='ltr'><strong>Magn.</strong></span> <span class='ocrx_word' id='word_1_58' title='bbox 1620 1120 1662 1182; x_wconf 81' lang='lat' dir='ltr'><strong>et</strong></span> 
     </span>
     <span class='ocr_line' id='line_1_8' title="bbox 365 1206 1654 1311; baseline -0.002 -26"><span class='ocrx_word' id='word_1_59' title='bbox 365 1233 418 1285; x_wconf 88' lang='lat' dir='ltr'><strong>ex</strong></span> <span class='ocrx_word' id='word_1_60' title='bbox 433 1213 591 1311; x_wconf 79' lang='lat' dir='ltr'>August.</span> <span class='ocrx_word' id='word_1_61' title='bbox 608 1211 750 1287; x_wconf 87' lang='lat' dir='ltr'><strong>Lib.V</strong></span> <span class='ocrx_word' id='word_1_62' title='bbox 754 1208 781 1281; x_wconf 90' lang='lat' dir='ltr'><em>I</em></span> <span class='ocrx_word' id='word_1_63' title='bbox 794 1226 889 1286; x_wconf 88' lang='lat' dir='ltr'><strong>cont.</strong></span> <span class='ocrx_word' id='word_1_64' title='bbox 901 1208 1046 1281; x_wconf 85' lang='lat' dir='ltr'><strong><em>Donat.</em></strong></span> <span class='ocrx_word' id='word_1_65' title='bbox 1059 1227 1142 1302; x_wconf 88' lang='lat' dir='ltr'><strong>cap.</strong></span> <span class='ocrx_word' id='word_1_66' title='bbox 1160 1227 1211 1305; x_wconf 76' lang='lat'><strong>73</strong></span> <span class='ocrx_word' id='word_1_67' title='bbox 1241 1206 1354 1305; x_wconf 88' lang='lat' dir='ltr'><strong>idque</strong></span> <span class='ocrx_word' id='word_1_68' title='bbox 1384 1207 1500 1282; x_wconf 89' lang='lat' dir='ltr'><strong>docet</strong></span> <span class='ocrx_word' id='word_1_69' title='bbox 1517 1206 1654 1289; x_wconf 84' lang='lat' dir='ltr'><strong>Strabo</strong></span> 
     </span>
     <span class='ocr_line' id='line_1_9' title="bbox 369 1308 1267 1414; baseline -0.011 -23"><span class='ocrx_word' id='word_1_70' title='bbox 369 1315 422 1391; x_wconf 81' lang='lat' dir='ltr'><strong>de</strong></span> <span class='ocrx_word' id='word_1_71' title='bbox 439 1314 568 1391; x_wconf 87' lang='lat' dir='ltr'><strong>Rebus</strong></span> <span class='ocrx_word' id='word_1_72' title='bbox 586 1308 1012 1414; x_wconf 80' lang='lat' dir='ltr'><strong>Ecclesiae.Cap.a6.(*)</strong></span> <span class='ocrx_word' id='word_1_73' title='bbox 1263 1369 1267 1373; x_wconf 96' lang='lat'><strong>.</strong></span> 
     </span>
    </p>
   </div>
   <div class='ocr_carea' id='block_1_2' title="bbox 390 1461 1642 1626">
    <p class='ocr_par' dir='ltr' id='par_1_2' title="bbox 390 1461 1642 1626">
     <span class='ocr_line' id='line_1_10' title="bbox 390 1461 1642 1626; baseline 0.014 -42"><span class='ocrx_word' id='word_1_74' title='bbox 390 1478 393 1482; x_wconf 28' lang='lat'>¹</span> <span class='ocrx_word' id='word_1_75' title='bbox 448 1566 450 1570; x_wconf 28' lang='grc' dir='ltr'>ψ</span> <span class='ocrx_word' id='word_1_76' title='bbox 522 1517 604 1624; x_wconf 82' lang='grc'>(**)</span> <span class='ocrx_word' id='word_1_77' title='bbox 618 1520 681 1595; x_wconf 83' lang='lat' dir='ltr'><strong>De</strong></span> <span class='ocrx_word' id='word_1_78' title='bbox 695 1512 825 1601; x_wconf 85' lang='lat' dir='ltr'><strong>verbis</strong></span> <span class='ocrx_word' id='word_1_79' title='bbox 841 1519 972 1617; x_wconf 89' lang='lat' dir='ltr'><strong>quibus</strong></span> <span class='ocrx_word' id='word_1_80' title='bbox 989 1517 1212 1626; x_wconf 79' lang='lat' dir='ltr'><em>Baptismus</em></span> <span class='ocrx_word' id='word_1_81' title='bbox 1223 1514 1433 1614; x_wconf 77' lang='lat' dir='ltr'><strong>perficitur.</strong></span> <span class='ocrx_word' id='word_1_82' title='bbox 1447 1513 1505 1622; x_wconf 77' lang='grc'><strong>(*)</strong></span> <span class='ocrx_word' id='word_1_83' title='bbox 1635 1461 1642 1467; x_wconf 95' lang='lat'><em>·</em></span> 
     </span>
    </p>
   </div>
   <div class='ocr_carea' id='block_1_3' title="bbox 310 1721 1708 3697">
    <p class='ocr_par' dir='ltr' id='par_1_3' title="bbox 310 1721 1708 3697">
     <span class='ocr_line' id='line_1_11' title="bbox 417 1721 1657 1829; baseline 0.001 -28"><span class='ocrx_word' id='word_1_84' title='bbox 417 1721 499 1829; x_wconf 81' lang='lat'>(**)</span> <span class='ocrx_word' id='word_1_85' title='bbox 513 1730 580 1802; x_wconf 78' lang='lat' dir='ltr'><strong>xl.</strong></span> <span class='ocrx_word' id='word_1_86' title='bbox 598 1728 660 1801; x_wconf 81' lang='lat' dir='ltr'><strong>Ad</strong></span> <span class='ocrx_word' id='word_1_87' title='bbox 678 1724 799 1802; x_wconf 86' lang='lat' dir='ltr'><strong>verba</strong></span> <span class='ocrx_word' id='word_1_88' title='bbox 815 1726 918 1823; x_wconf 91' lang='lat' dir='ltr'><strong>quod</strong></span> <span class='ocrx_word' id='word_1_89' title='bbox 932 1726 1092 1814; x_wconf 84' lang='lat' dir='ltr'><strong>attinet,</strong></span> <span class='ocrx_word' id='word_1_90' title='bbox 1110 1725 1192 1820; x_wconf 88' lang='lat' dir='ltr'><strong>ipse</strong></span> <span class='ocrx_word' id='word_1_91' title='bbox 1208 1725 1395 1799; x_wconf 88' lang='lat' dir='ltr'><strong>Dominus</strong></span> <span class='ocrx_word' id='word_1_92' title='bbox 1410 1727 1516 1823; x_wconf 83' lang='lat' dir='ltr'><strong>Jesus</strong></span> <span class='ocrx_word' id='word_1_93' title='bbox 1540 1747 1657 1825; x_wconf 89' lang='lat' dir='ltr'><strong>quum</strong></span> 
     </span>
     <span class='ocr_line' id='line_1_12' title="bbox 362 1819 1659 1928; baseline 0.002 -26"><span class='ocrx_word' id='word_1_94' title='bbox 362 1828 413 1902; x_wconf 81' lang='lat' dir='ltr'><strong>ad</strong></span> <span class='ocrx_word' id='word_1_95' title='bbox 424 1819 675 1928; x_wconf 72' lang='lat' dir='ltr'><strong>Evangelium</strong></span> <span class='ocrx_word' id='word_1_96' title='bbox 690 1833 994 1917; x_wconf 86' lang='lat' dir='ltr'><strong>adnuntiandum</strong></span> <span class='ocrx_word' id='word_1_97' title='bbox 1004 1830 1229 1922; x_wconf 89' lang='lat' dir='ltr'><strong>Apostolos,</strong></span> <span class='ocrx_word' id='word_1_98' title='bbox 1248 1830 1351 1902; x_wconf 83' lang='lat' dir='ltr'><strong>misit</strong></span> <span class='ocrx_word' id='word_1_99' title='bbox 1369 1831 1554 1903; x_wconf 85' lang='lat' dir='ltr'><strong>indicavit</strong></span> <span class='ocrx_word' id='word_1_100' title='bbox 1573 1854 1659 1904; x_wconf 90' lang='lat' dir='ltr'><strong>ver·</strong></span> 
     </span>
     <span class='ocr_line' id='line_1_13' title="bbox 362 1925 1656 2029; baseline 0.005 -28"><span class='ocrx_word' id='word_1_101' title='bbox 362 1925 423 2002; x_wconf 90' lang='lat' dir='ltr'><strong>bis</strong></span> <span class='ocrx_word' id='word_1_102' title='bbox 436 1932 528 2006; x_wconf 85' lang='lat' dir='ltr'><strong>illis:</strong></span> <span class='ocrx_word' id='word_1_103' title='bbox 547 1931 687 2009; x_wconf 83' lang='lat' dir='ltr'><strong>Docete</strong></span> <span class='ocrx_word' id='word_1_104' title='bbox 699 1956 818 2006; x_wconf 87' lang='lat' dir='ltr'><strong>omnes</strong></span> <span class='ocrx_word' id='word_1_105' title='bbox 830 1947 979 2029; x_wconf 79' lang='lat' dir='ltr'><strong>gentes,</strong></span> <span class='ocrx_word' id='word_1_106' title='bbox 993 1930 1234 2025; x_wconf 83' lang='lat' dir='ltr'><strong>baptizantes</strong></span> <span class='ocrx_word' id='word_1_107' title='bbox 1247 1939 1350 2007; x_wconf 71' lang='lat' dir='ltr'><strong>ensis</strong></span> <span class='ocrx_word' id='word_1_108' title='bbox 1363 1936 1498 2008; x_wconf 82' lang='lat' dir='ltr'><strong>nurnine</strong></span> <span class='ocrx_word' id='word_1_109' title='bbox 1508 1931 1656 2024; x_wconf 84' lang='lat' dir='ltr'><strong>Patris,</strong></span> 
     </span>
     <span class='ocr_line' id='line_1_14' title="bbox 363 2033 1658 2128; baseline 0.004 -24"><span class='ocrx_word' id='word_1_110' title='bbox 363 2047 405 2104; x_wconf 89' lang='lat' dir='ltr'><strong>et</strong></span> <span class='ocrx_word' id='word_1_111' title='bbox 424 2033 545 2123; x_wconf 80' lang='lat' dir='ltr'><strong>Filii,</strong></span> <span class='ocrx_word' id='word_1_112' title='bbox 567 2052 607 2108; x_wconf 91' lang='lat' dir='ltr'><strong>et</strong></span> <span class='ocrx_word' id='word_1_113' title='bbox 623 2036 797 2128; x_wconf 80' lang='lat' dir='ltr'><strong>Spiritus</strong></span> <span class='ocrx_word' id='word_1_114' title='bbox 812 2037 977 2110; x_wconf 77' lang='lat' dir='ltr'><strong>Sancti:</strong></span> <span class='ocrx_word' id='word_1_115' title='bbox 994 2036 1096 2108; x_wconf 89' lang='lat' dir='ltr'><strong>Hinc</strong></span> <span class='ocrx_word' id='word_1_116' title='bbox 1124 2056 1171 2107; x_wconf 91' lang='lat' dir='ltr'><strong>ea</strong></span> <span class='ocrx_word' id='word_1_117' title='bbox 1187 2034 1342 2108; x_wconf 84' lang='lat' dir='ltr'><strong>Patrum</strong></span> <span class='ocrx_word' id='word_1_118' title='bbox 1375 2034 1567 2108; x_wconf 85' lang='lat' dir='ltr'><strong>mentibus</strong></span> <span class='ocrx_word' id='word_1_119' title='bbox 1588 2037 1658 2110; x_wconf 85' lang='lat' dir='ltr'><strong>fir·</strong></span> 
     </span>
     <span class='ocr_line' id='line_1_15' title="bbox 363 2133 1657 2231; baseline 0.006 -25"><span class='ocrx_word' id='word_1_120' title='bbox 363 2133 483 2207; x_wconf 85' lang='lat' dir='ltr'><strong>miter</strong></span> <span class='ocrx_word' id='word_1_121' title='bbox 496 2136 640 2212; x_wconf 72' lang='lat' dir='ltr'><strong>&#39;insedit</strong></span> <span class='ocrx_word' id='word_1_122' title='bbox 654 2138 864 2226; x_wconf 87' lang='lat' dir='ltr'><strong>sententia,</strong></span> <span class='ocrx_word' id='word_1_123' title='bbox 882 2136 1134 2209; x_wconf 82' lang='lat' dir='ltr'><strong>necessariam</strong></span> <span class='ocrx_word' id='word_1_124' title='bbox 1154 2158 1235 2208; x_wconf 86' lang='lat' dir='ltr'><strong>esse</strong></span> <span class='ocrx_word' id='word_1_125' title='bbox 1263 2138 1300 2209; x_wconf 94' lang='lat' dir='ltr'><strong>in</strong></span> <span class='ocrx_word' id='word_1_126' title='bbox 1318 2135 1515 2231; x_wconf 81' lang='lat' dir='ltr'><strong>Baptismo</strong></span> <span class='ocrx_word' id='word_1_127' title='bbox 1541 2136 1657 2214; x_wconf 87' lang='lat' dir='ltr'><strong>trium</strong></span> 
     </span>
     <span class='ocr_line' id='line_1_16' title="bbox 361 2235 1656 2333; baseline 0.002 -24"><span class='ocrx_word' id='word_1_128' title='bbox 361 2259 612 2332; x_wconf 84' lang='lat' dir='ltr'><strong>personarum</strong></span> <span class='ocrx_word' id='word_1_129' title='bbox 644 2237 942 2313; x_wconf 87' lang='lat' dir='ltr'><strong>invocationem.</strong></span> <span class='ocrx_word' id='word_1_130' title='bbox 973 2235 1086 2310; x_wconf 88' lang='lat' dir='ltr'><strong>Unde</strong></span> <span class='ocrx_word' id='word_1_131' title='bbox 1099 2237 1435 2314; x_wconf 80' lang='lat' dir='ltr'><strong>Tertullianusde</strong></span> <span class='ocrx_word' id='word_1_132' title='bbox 1457 2239 1656 2333; x_wconf 85' lang='lat' dir='ltr'><strong>Baptismn</strong></span> 
     </span>
     <span class='ocr_line' id='line_1_17' title="bbox 361 2337 1708 2444; baseline 0.004 -32"><span class='ocrx_word' id='word_1_133' title='bbox 361 2338 574 2434; x_wconf 59' lang='lat' dir='ltr'><strong>Captus:</strong></span> <span class='ocrx_word' id='word_1_134' title='bbox 590 2337 671 2414; x_wconf 81' lang='lat' dir='ltr'><strong>Len</strong></span> <span class='ocrx_word' id='word_1_135' title='bbox 689 2340 857 2438; x_wconf 81' lang='lat' dir='ltr'><strong>tingendi</strong></span> <span class='ocrx_word' id='word_1_136' title='bbox 887 2342 1062 2435; x_wconf 87' lang='lat' dir='ltr'><strong>imposita</strong></span> <span class='ocrx_word' id='word_1_137' title='bbox 1081 2359 1138 2413; x_wconf 87' lang='lat' dir='ltr'><strong>est</strong></span> <span class='ocrx_word' id='word_1_138' title='bbox 1155 2399 1167 2427; x_wconf 91' lang='lat'><strong>,</strong></span> <span class='ocrx_word' id='word_1_139' title='bbox 1184 2355 1237 2434; x_wconf 62' lang='lat' dir='ltr'><strong>⁴et</strong></span> <span class='ocrx_word' id='word_1_140' title='bbox 1253 2341 1383 2434; x_wconf 86' lang='lat' dir='ltr'><strong>forma</strong></span> <span class='ocrx_word' id='word_1_141' title='bbox 1407 2348 1655 2437; x_wconf 68' lang='lat' dir='ltr'><strong>prescripta.</strong></span> <span class='ocrx_word' id='word_1_142' title='bbox 1691 2422 1708 2444; x_wconf 58' lang='lat'>„</span> 
     </span>
     <span class='ocr_line' id='line_1_18' title="bbox 361 2439 1655 2537; baseline 0.008 -25"><span class='ocrx_word' id='word_1_143' title='bbox 361 2439 567 2518; x_wconf 85' lang='lat' dir='ltr'><strong>Itedocete</strong></span> <span class='ocrx_word' id='word_1_144' title='bbox 586 2469 703 2519; x_wconf 85' lang='lat' dir='ltr'><strong>omnes</strong></span> <span class='ocrx_word' id='word_1_145' title='bbox 724 2448 892 2518; x_wconf 86' lang='lat' dir='ltr'><strong>nationes</strong></span> <span class='ocrx_word' id='word_1_146' title='bbox 905 2500 917 2532; x_wconf 94' lang='lat'><strong>,</strong></span> <span class='ocrx_word' id='word_1_147' title='bbox 929 2500 931 2505; x_wconf 90' lang='lat'><strong>.</strong></span> <span class='ocrx_word' id='word_1_148' title='bbox 943 2446 1133 2537; x_wconf 84' lang='lat' dir='ltr'><strong>tingentes</strong></span> <span class='ocrx_word' id='word_1_149' title='bbox 1150 2465 1214 2517; x_wconf 87' lang='lat' dir='ltr'><strong>eas</strong></span> <span class='ocrx_word' id='word_1_150' title='bbox 1236 2451 1273 2515; x_wconf 89' lang='lat' dir='ltr'><strong>in</strong></span> <span class='ocrx_word' id='word_1_151' title='bbox 1292 2447 1428 2519; x_wconf 88' lang='lat' dir='ltr'><strong>nomine</strong></span> <span class='ocrx_word' id='word_1_152' title='bbox 1444 2445 1598 2535; x_wconf 88' lang='lat' dir='ltr'><strong>Patris,</strong></span> <span class='ocrx_word' id='word_1_153' title='bbox 1615 2462 1655 2522; x_wconf 88' lang='lat' dir='ltr'><strong>et</strong></span> 
     </span>
     <span class='ocr_line' id='line_1_19' title="bbox 360 2541 1657 2652; baseline 0.01 -37"><span class='ocrx_word' id='word_1_154' title='bbox 360 2541 495 2634; x_wconf 85' lang='lat' dir='ltr'><strong>Filii,</strong></span> <span class='ocrx_word' id='word_1_155' title='bbox 526 2560 565 2620; x_wconf 88' lang='lat' dir='ltr'><strong>et</strong></span> <span class='ocrx_word' id='word_1_156' title='bbox 588 2547 764 2652; x_wconf 74' lang='lat' dir='ltr'><strong>Spiritus</strong></span> <span class='ocrx_word' id='word_1_157' title='bbox 787 2549 938 2620; x_wconf 84' lang='lat' dir='ltr'><strong>Sancti.</strong></span> <span class='ocrx_word' id='word_1_158' title='bbox 976 2546 1139 2643; x_wconf 84' lang='lat' dir='ltr'><strong>August.</strong></span> <span class='ocrx_word' id='word_1_159' title='bbox 1166 2544 1256 2617; x_wconf 86' lang='lat' dir='ltr'><strong>Lib.</strong></span> <span class='ocrx_word' id='word_1_160' title='bbox 1279 2545 1325 2618; x_wconf 92' lang='lat' dir='ltr'><em>V</em></span> <span class='ocrx_word' id='word_1_161' title='bbox 1324 2547 1355 2617; x_wconf 95' lang='grc' dir='ltr'><strong>-Ι</strong></span> <span class='ocrx_word' id='word_1_162' title='bbox 1385 2548 1429 2620; x_wconf 85' lang='lat' dir='ltr'><strong>de</strong></span> <span class='ocrx_word' id='word_1_163' title='bbox 1458 2547 1657 2646; x_wconf 73' lang='lat' dir='ltr'><strong>Baptistae</strong></span> 
     </span>
     <span class='ocr_line' id='line_1_20' title="bbox 361 2645 1657 2749; baseline 0.004 -28"><span class='ocrx_word' id='word_1_164' title='bbox 361 2645 459 2743; x_wconf 83' lang='lat' dir='ltr'><strong>Cap.</strong></span> <span class='ocrx_word' id='word_1_165' title='bbox 475 2649 516 2720; x_wconf 83' lang='lat' dir='ltr'><em>X</em></span> <span class='ocrx_word' id='word_1_166' title='bbox 521 2648 617 2722; x_wconf 76' lang='lat' dir='ltr'><strong>XV</strong></span> <span class='ocrx_word' id='word_1_167' title='bbox 642 2673 736 2724; x_wconf 88' lang='lat' dir='ltr'><strong>num.</strong></span> <span class='ocrx_word' id='word_1_168' title='bbox 764 2672 846 2749; x_wconf 83' lang='lat'><strong>47,</strong></span> <span class='ocrx_word' id='word_1_169' title='bbox 877 2648 916 2722; x_wconf 85' lang='lat' dir='ltr'><strong>et</strong></span> <span class='ocrx_word' id='word_1_170' title='bbox 932 2649 1149 2745; x_wconf 78' lang='lat' dir='ltr'><strong>Fuigentius</strong></span> <span class='ocrx_word' id='word_1_171' title='bbox 1180 2652 1223 2721; x_wconf 76' lang='lat' dir='ltr'><strong>de</strong></span> <span class='ocrx_word' id='word_1_172' title='bbox 1245 2646 1557 2745; x_wconf 58' lang='lat' dir='ltr'><strong>incarnanfa&#39;p.</strong></span> <span class='ocrx_word' id='word_1_173' title='bbox 1572 2653 1657 2745; x_wconf 84' lang='lat' dir='ltr'><strong>XI,</strong></span> 
     </span>
     <span class='ocr_line' id='line_1_21' title="bbox 358 2750 1690 2850; baseline 0.005 -27"><span class='ocrx_word' id='word_1_174' title='bbox 358 2755 424 2845; x_wconf 89' lang='lat' dir='ltr'><strong>qui</strong></span> <span class='ocrx_word' id='word_1_175' title='bbox 442 2752 612 2826; x_wconf 85' lang='lat' dir='ltr'><strong>recitatis</strong></span> <span class='ocrx_word' id='word_1_176' title='bbox 627 2752 771 2827; x_wconf 87' lang='lat' dir='ltr'><strong>verbis:</strong></span> <span class='ocrx_word' id='word_1_177' title='bbox 789 2753 930 2826; x_wconf 87' lang='lat' dir='ltr'><strong>Docete</strong></span> <span class='ocrx_word' id='word_1_178' title='bbox 947 2775 1066 2825; x_wconf 85' lang='lat' dir='ltr'><strong>ornnes</strong></span> <span class='ocrx_word' id='word_1_179' title='bbox 1078 2766 1228 2850; x_wconf 86' lang='lat' dir='ltr'><strong>gentes,</strong></span> <span class='ocrx_word' id='word_1_180' title='bbox 1245 2753 1413 2846; x_wconf 89' lang='lat' dir='ltr'><strong>subjicit:</strong></span> <span class='ocrx_word' id='word_1_181' title='bbox 1433 2750 1599 2843; x_wconf 81' lang='lat' dir='ltr'><strong>Ductor,</strong></span> <span class='ocrx_word' id='word_1_182' title='bbox 1615 2771 1655 2830; x_wconf 83' lang='lat' dir='ltr'><strong>et</strong></span> <span class='ocrx_word' id='word_1_183' title='bbox 1687 2793 1690 2798; x_wconf 94' lang='lat'>·</span> 
     </span>
     <span class='ocr_line' id='line_1_22' title="bbox 351 2850 1653 2949; baseline 0.009 -26"><span class='ocrx_word' id='word_1_184' title='bbox 351 2850 526 2949; x_wconf 73' lang='lat' dir='ltr'><strong>largitor</strong></span> <span class='ocrx_word' id='word_1_185' title='bbox 541 2876 692 2929; x_wconf 83' lang='lat' dir='ltr'><strong>aerernae</strong></span> <span class='ocrx_word' id='word_1_186' title='bbox 705 2856 846 2929; x_wconf 86' lang='lat' dir='ltr'><strong>salutis</strong></span> <span class='ocrx_word' id='word_1_187' title='bbox 860 2857 955 2928; x_wconf 83' lang='lat' dir='ltr'><strong>banc</strong></span> <span class='ocrx_word' id='word_1_188' title='bbox 963 2853 1127 2947; x_wconf 84' lang='lat' dir='ltr'><strong>formam</strong></span> <span class='ocrx_word' id='word_1_189' title='bbox 1144 2859 1248 2927; x_wconf 84' lang='lat' dir='ltr'><strong>sacri</strong></span> <span class='ocrx_word' id='word_1_190' title='bbox 1259 2856 1518 2949; x_wconf 85' lang='lat' dir='ltr'><strong>Baptismutis</strong></span> <span class='ocrx_word' id='word_1_191' title='bbox 1532 2857 1653 2935; x_wconf 79' lang='lat' dir='ltr'><strong>dedit.</strong></span> 
     </span>
     <span class='ocr_line' id='line_1_23' title="bbox 363 2951 1691 3055; baseline 0.003 -28"><span class='ocrx_word' id='word_1_192' title='bbox 363 2951 563 3031; x_wconf 84' lang='lat' dir='ltr'><strong>Consonat</strong></span> <span class='ocrx_word' id='word_1_193' title='bbox 580 2958 745 3055; x_wconf 84' lang='lat' dir='ltr'><strong>Vigilius</strong></span> <span class='ocrx_word' id='word_1_194' title='bbox 758 2959 802 3041; x_wconf 87' lang='grc' dir='ltr'><strong>Ρ.</strong></span> <span class='ocrx_word' id='word_1_195' title='bbox 825 2960 863 3031; x_wconf 92' lang='lat' dir='ltr'><strong>in</strong></span> <span class='ocrx_word' id='word_1_196' title='bbox 884 2957 1008 3052; x_wconf 87' lang='lat' dir='ltr'><strong>Epist.</strong></span> <span class='ocrx_word' id='word_1_197' title='bbox 1036 2960 1082 3029; x_wconf 92' lang='lat' dir='ltr'><strong>ad</strong></span> <span class='ocrx_word' id='word_1_198' title='bbox 1100 2956 1291 3031; x_wconf 85' lang='lat' dir='ltr'><strong>Profutur.</strong></span> <span class='ocrx_word' id='word_1_199' title='bbox 1306 2958 1460 3032; x_wconf 87' lang='lat' dir='ltr'><strong>Bracar.</strong></span> <span class='ocrx_word' id='word_1_200' title='bbox 1474 2958 1569 3055; x_wconf 88' lang='lat' dir='ltr'><strong>Cap.</strong></span> <span class='ocrx_word' id='word_1_201' title='bbox 1579 2960 1628 3032; x_wconf 91' lang='lat' dir='ltr'><em>V</em></span> <span class='ocrx_word' id='word_1_202' title='bbox 1631 2962 1660 3037; x_wconf 81' lang='lat' dir='ltr'><strong>t</strong></span> <span class='ocrx_word' id='word_1_203' title='bbox 1687 3025 1691 3031; x_wconf 86' lang='lat'><strong>.</strong></span> 
     </span>
     <span class='ocr_line' id='line_1_24' title="bbox 359 3058 1654 3163; baseline 0.003 -31"><span class='ocrx_word' id='word_1_204' title='bbox 359 3058 638 3157; x_wconf 68' lang='lat' dir='ltr'><strong>apud-riguisse</strong></span> <span class='ocrx_word' id='word_1_205' title='bbox 655 3061 828 3143; x_wconf 75' lang='lat' dir='ltr'><strong>Tomlll</strong></span> <span class='ocrx_word' id='word_1_206' title='bbox 839 3085 848 3133; x_wconf 91' lang='lat'><strong>:</strong></span> <span class='ocrx_word' id='word_1_207' title='bbox 861 3060 912 3133; x_wconf 88' lang='lat' dir='ltr'><strong>Si</strong></span> <span class='ocrx_word' id='word_1_208' title='bbox 927 3062 1009 3153; x_wconf 88' lang='lat' dir='ltr'><strong>quis</strong></span> <span class='ocrx_word' id='word_1_209' title='bbox 1021 3060 1245 3155; x_wconf 84' lang='lat' dir='ltr'><strong>Episcopus,</strong></span> <span class='ocrx_word' id='word_1_210' title='bbox 1261 3076 1328 3134; x_wconf 90' lang='lat' dir='ltr'><strong>aut</strong></span> <span class='ocrx_word' id='word_1_211' title='bbox 1345 3061 1551 3153; x_wconf 83' lang='lat' dir='ltr'><strong>Presbyter</strong></span> <span class='ocrx_word' id='word_1_212' title='bbox 1565 3064 1654 3163; x_wconf 79' lang='lat' dir='ltr'><strong>jux·</strong></span> 
     </span>
     <span class='ocr_line' id='line_1_25' title="bbox 356 3162 1652 3258; baseline 0.004 -24"><span class='ocrx_word' id='word_1_213' title='bbox 356 3176 402 3234; x_wconf 87' lang='lat' dir='ltr'><strong>ta</strong></span> <span class='ocrx_word' id='word_1_214' title='bbox 419 3163 642 3258; x_wconf 70' lang='lat' dir='ltr'><strong>praeceptum</strong></span> <span class='ocrx_word' id='word_1_215' title='bbox 659 3162 809 3238; x_wconf 85' lang='lat' dir='ltr'><strong>Domini</strong></span> <span class='ocrx_word' id='word_1_216' title='bbox 835 3186 901 3238; x_wconf 88' lang='lat' dir='ltr'><strong>non</strong></span> <span class='ocrx_word' id='word_1_217' title='bbox 921 3162 1191 3258; x_wconf 80' lang='lat' dir='ltr'><strong>baptizaverit</strong></span> <span class='ocrx_word' id='word_1_218' title='bbox 1206 3166 1245 3236; x_wconf 93' lang='lat' dir='ltr'><strong>in</strong></span> <span class='ocrx_word' id='word_1_219' title='bbox 1267 3167 1405 3238; x_wconf 88' lang='lat' dir='ltr'><strong>nornine</strong></span> <span class='ocrx_word' id='word_1_220' title='bbox 1418 3165 1584 3254; x_wconf 83' lang='lat' dir='ltr'><strong>Patris,</strong></span> <span class='ocrx_word' id='word_1_221' title='bbox 1612 3180 1652 3239; x_wconf 75' lang='lat' dir='ltr'><strong>et</strong></span> 
     </span>
     <span class='ocr_line' id='line_1_26' title="bbox 310 3259 1653 3366; baseline 0.007 -33"><span class='ocrx_word' id='word_1_222' title='bbox 310 3276 314 3278; x_wconf 71' lang='grc'><strong>’</strong></span> <span class='ocrx_word' id='word_1_223' title='bbox 357 3259 485 3349; x_wconf 87' lang='lat' dir='ltr'><strong>Filii,</strong></span> <span class='ocrx_word' id='word_1_224' title='bbox 512 3280 552 3337; x_wconf 90' lang='lat' dir='ltr'><strong>et</strong></span> <span class='ocrx_word' id='word_1_225' title='bbox 581 3266 758 3359; x_wconf 82' lang='lat' dir='ltr'><strong>Spiritus</strong></span> <span class='ocrx_word' id='word_1_226' title='bbox 775 3266 1214 3366; x_wconf 81' lang='lat' dir='ltr'><strong>Sancti......·projiciatur</strong></span> <span class='ocrx_word' id='word_1_227' title='bbox 1244 3267 1293 3340; x_wconf 89' lang='lat' dir='ltr'><strong>ab</strong></span> <span class='ocrx_word' id='word_1_228' title='bbox 1322 3266 1511 3341; x_wconf 79' lang='lat' dir='ltr'><strong>Ecclesia.</strong></span> <span class='ocrx_word' id='word_1_229' title='bbox 1538 3270 1653 3343; x_wconf 86' lang='lat' dir='ltr'><strong>Hanc</strong></span> 
     </span>
     <span class='ocr_line' id='line_1_27' title="bbox 354 3362 1655 3467; baseline 0.007 -31"><span class='ocrx_word' id='word_1_230' title='bbox 354 3362 449 3443; x_wconf 85' lang='lat' dir='ltr'><strong>dein</strong></span> <span class='ocrx_word' id='word_1_231' title='bbox 467 3368 748 3439; x_wconf 81' lang='lat' dir='ltr'><strong>confirmarunt</strong></span> <span class='ocrx_word' id='word_1_232' title='bbox 759 3370 976 3441; x_wconf 82' lang='lat' dir='ltr'><strong>doctrinam</strong></span> <span class='ocrx_word' id='word_1_233' title='bbox 995 3369 1188 3464; x_wconf 87' lang='lat' dir='ltr'><strong>Eugenius</strong></span> <span class='ocrx_word' id='word_1_234' title='bbox 1203 3368 1253 3441; x_wconf 87' lang='lat' dir='ltr'><strong>lV</strong></span> <span class='ocrx_word' id='word_1_235' title='bbox 1270 3370 1307 3439; x_wconf 88' lang='lat' dir='ltr'><strong>in</strong></span> <span class='ocrx_word' id='word_1_236' title='bbox 1322 3366 1480 3445; x_wconf 86' lang='lat' dir='ltr'><strong>Decret.</strong></span> <span class='ocrx_word' id='word_1_237' title='bbox 1492 3387 1563 3467; x_wconf 83' lang='lat' dir='ltr'><strong>pro</strong></span> <span class='ocrx_word' id='word_1_238' title='bbox 1575 3371 1655 3451; x_wconf 81' lang='lat' dir='ltr'><strong>Ar·-</strong></span> 
     </span>
     <span class='ocr_line' id='line_1_28' title="bbox 355 3465 1383 3697; baseline 0.006 -156"><span class='ocrx_word' id='word_1_239' title='bbox 355 3468 624 3697; x_wconf 49' lang='lat' dir='ltr'><strong>rnessTrid.</strong></span> <span class='ocrx_word' id='word_1_240' title='bbox 637 3467 747 3545; x_wconf 87' lang='lat' dir='ltr'><strong>Sess.</strong></span> <span class='ocrx_word' id='word_1_241' title='bbox 758 3467 1035 3546; x_wconf 71' lang='lat' dir='ltr'><strong>VllCan.1r⁷</strong></span> <span class='ocrx_word' id='word_1_242' title='bbox 1054 3470 1099 3543; x_wconf 87' lang='lat' dir='ltr'><strong>de</strong></span> <span class='ocrx_word' id='word_1_243' title='bbox 1111 3465 1383 3574; x_wconf 86' lang='lat' dir='ltr'><strong>Baptismo.(*)</strong></span> 
     </span>
    </p>
   </div>
   <div class='ocr_carea' id='block_1_4' title="bbox 531 3637 1276 3780">
    <p class='ocr_par' dir='ltr' id='par_1_4' title="bbox 531 3637 1276 3780">
     <span class='ocr_line' id='line_1_29' title="bbox 531 3637 1276 3780; baseline 0.005 -33"><span class='ocrx_word' id='word_1_244' title='bbox 531 3637 533 3642; x_wconf 43' lang='lat'><strong>.</strong></span> <span class='ocrx_word' id='word_1_245' title='bbox 660 3733 662 3737; x_wconf 93' lang='lat'><strong>.</strong></span> <span class='ocrx_word' id='word_1_246' title='bbox 717 3669 816 3776; x_wconf 65' lang='lat'><strong>(¹⁸²⁸)</strong></span> <span class='ocrx_word' id='word_1_247' title='bbox 827 3672 887 3749; x_wconf 89' lang='lat' dir='ltr'><strong>De</strong></span> <span class='ocrx_word' id='word_1_248' title='bbox 901 3672 1276 3780; x_wconf 82' lang='lat' dir='ltr'><strong>Poedobaptismo.(*)</strong></span> 
     </span>
    </p>
   </div>
   <div class='ocr_carea' id='block_1_5' title="bbox 1436 3595 1445 3603">
    <p class='ocr_par' dir='ltr' id='par_1_5' title="bbox 1436 3595 1445 3603">
     <span class='ocr_line' id='line_1_30' title="bbox 1436 3595 1445 3603; baseline 0 0"><span class='ocrx_word' id='word_1_249' title='bbox 1436 3595 1445 3603; x_wconf 50' lang='lat' dir='ltr'><strong>a</strong></span> 
     </span>
    </p>
   </div>
   <div class='ocr_carea' id='block_1_6' title="bbox 312 3870 1767 4680">
    <p class='ocr_par' dir='ltr' id='par_1_6' title="bbox 312 3870 1767 4680">
     <span class='ocr_line' id='line_1_31' title="bbox 368 3870 1652 3980; baseline 0.009 -29"><span class='ocrx_word' id='word_1_250' title='bbox 368 3870 588 3979; x_wconf 47' lang='lat' dir='ltr'><strong>-..(**)„xt1.</strong></span> <span class='ocrx_word' id='word_1_251' title='bbox 616 3879 659 3954; x_wconf 87' lang='lat' dir='ltr'><strong>In</strong></span> <span class='ocrx_word' id='word_1_252' title='bbox 688 3877 848 3955; x_wconf 82' lang='lat' dir='ltr'><strong>exordio</strong></span> <span class='ocrx_word' id='word_1_253' title='bbox 880 3881 1070 3955; x_wconf 86' lang='lat' dir='ltr'><strong>nascentis</strong></span> <span class='ocrx_word' id='word_1_254' title='bbox 1084 3880 1272 3958; x_wconf 71' lang='lat' dir='ltr'><strong>Ecclesia</strong></span> <span class='ocrx_word' id='word_1_255' title='bbox 1286 3880 1540 3980; x_wconf 72' lang='lat' dir='ltr'><strong>Evangelium</strong></span> <span class='ocrx_word' id='word_1_256' title='bbox 1571 3883 1652 3961; x_wconf 60' lang='lat' dir='ltr'><strong>adn</strong></span> 
     </span>
     <span class='ocr_line' id='line_1_32' title="bbox 312 3981 1645 4083; baseline 0.011 -33"><span class='ocrx_word' id='word_1_257' title='bbox 312 4072 316 4078; x_wconf 24' lang='grc' dir='ltr'>Ι</span> <span class='ocrx_word' id='word_1_258' title='bbox 353 3981 618 4057; x_wconf 80' lang='lat' dir='ltr'><strong>nuntiantibus</strong></span> <span class='ocrx_word' id='word_1_259' title='bbox 634 3982 857 4079; x_wconf 84' lang='lat' dir='ltr'><strong>Apostolis,</strong></span> <span class='ocrx_word' id='word_1_260' title='bbox 885 3999 925 4064; x_wconf 85' lang='lat' dir='ltr'><strong>et</strong></span> <span class='ocrx_word' id='word_1_261' title='bbox 941 3981 1314 4082; x_wconf 74' lang='lat' dir='ltr'><strong>apostolicisviris,</strong></span> <span class='ocrx_word' id='word_1_262' title='bbox 1331 3988 1498 4083; x_wconf 79' lang='lat' dir='ltr'><strong>plurimi</strong></span> <span class='ocrx_word' id='word_1_263' title='bbox 1521 4005 1645 4083; x_wconf 81' lang='lat' dir='ltr'><strong>erant,</strong></span> 
     </span>
     <span class='ocr_line' id='line_1_33' title="bbox 345 4080 1767 4185; baseline 0.015 -33"><span class='ocrx_word' id='word_1_264' title='bbox 345 4080 418 4176; x_wconf 72' lang='lat' dir='ltr'><strong>qui</strong></span> <span class='ocrx_word' id='word_1_265' title='bbox 447 4090 496 4158; x_wconf 89' lang='lat' dir='ltr'><strong>ad</strong></span> <span class='ocrx_word' id='word_1_266' title='bbox 519 4086 617 4183; x_wconf 84' lang='lat' dir='ltr'><strong>Jesu-</strong></span> <span class='ocrx_word' id='word_1_267' title='bbox 630 4084 777 4160; x_wconf 86' lang='lat' dir='ltr'><strong>Christi</strong></span> <span class='ocrx_word' id='word_1_268' title='bbox 806 4086 940 4160; x_wconf 86' lang='lat' dir='ltr'><strong>Fidem</strong></span> <span class='ocrx_word' id='word_1_269' title='bbox 974 4090 1181 4177; x_wconf 87' lang='lat' dir='ltr'><strong>conversi,</strong></span> <span class='ocrx_word' id='word_1_270' title='bbox 1219 4089 1455 4182; x_wconf 89' lang='lat' dir='ltr'><strong>Baptismum</strong></span> <span class='ocrx_word' id='word_1_271' title='bbox 1486 4110 1647 4185; x_wconf 83' lang='lat' dir='ltr'><strong>expete·</strong></span> <span class='ocrx_word' id='word_1_272' title='bbox 1764 4165 1767 4174; x_wconf 90' lang='lat'><strong>.</strong></span> 
     </span>
     <span class='ocr_line' id='line_1_34' title="bbox 351 4177 1651 4287; baseline 0.011 -32"><span class='ocrx_word' id='word_1_273' title='bbox 351 4177 470 4274; x_wconf 86' lang='lat' dir='ltr'><strong>bant,</strong></span> <span class='ocrx_word' id='word_1_274' title='bbox 491 4210 650 4284; x_wconf 90' lang='lat' dir='ltr'><strong>quorum</strong></span> <span class='ocrx_word' id='word_1_275' title='bbox 669 4188 902 4287; x_wconf 84' lang='lat' dir='ltr'><strong>experiendo</strong></span> <span class='ocrx_word' id='word_1_276' title='bbox 921 4188 1118 4285; x_wconf 86' lang='lat' dir='ltr'><strong>proposito</strong></span> <span class='ocrx_word' id='word_1_277' title='bbox 1135 4193 1331 4265; x_wconf 89' lang='lat' dir='ltr'><strong>constituti</strong></span> <span class='ocrx_word' id='word_1_278' title='bbox 1348 4211 1434 4268; x_wconf 92' lang='lat' dir='ltr'><strong>sunt</strong></span> <span class='ocrx_word' id='word_1_279' title='bbox 1451 4197 1651 4270; x_wconf 73' lang='lat' dir='ltr'><strong>catechis-¹</strong></span> 
     </span>
     <span class='ocr_line' id='line_1_35' title="bbox 331 4286 1642 4392; baseline 0.011 -34"><span class='ocrx_word' id='word_1_280' title='bbox 331 4286 434 4373; x_wconf 81' lang='lat' dir='ltr'><strong>mi,</strong></span> <span class='ocrx_word' id='word_1_281' title='bbox 457 4310 520 4361; x_wconf 89' lang='lat' dir='ltr'><strong>seu</strong></span> <span class='ocrx_word' id='word_1_282' title='bbox 540 4289 776 4386; x_wconf 85' lang='lat' dir='ltr'><strong>probationis</strong></span> <span class='ocrx_word' id='word_1_283' title='bbox 788 4293 895 4366; x_wconf 87' lang='lat' dir='ltr'><strong>anni.</strong></span> <span class='ocrx_word' id='word_1_284' title='bbox 922 4295 1063 4368; x_wconf 76' lang='lat' dir='ltr'><strong>Hoc-in</strong></span> <span class='ocrx_word' id='word_1_285' title='bbox 1081 4318 1194 4368; x_wconf 87' lang='lat' dir='ltr'><strong>causa</strong></span> <span class='ocrx_word' id='word_1_286' title='bbox 1213 4312 1296 4383; x_wconf 83' lang='lat' dir='ltr'><strong>est,</strong></span> <span class='ocrx_word' id='word_1_287' title='bbox 1329 4321 1396 4370; x_wconf 87' lang='lat' dir='ltr'><strong>cus</strong></span> <span class='ocrx_word' id='word_1_288' title='bbox 1417 4298 1542 4392; x_wconf 84' lang='lat' dir='ltr'><strong>plures</strong></span> <span class='ocrx_word' id='word_1_289' title='bbox 1560 4314 1642 4373; x_wconf 89' lang='lat' dir='ltr'><strong>tum</strong></span> 
     </span>
     <span class='ocr_line' id='line_1_36' title="bbox 314 4392 1652 4491; baseline 0.011 -29"><span class='ocrx_word' id='word_1_290' title='bbox 314 4403 317 4407; x_wconf 85' lang='grc'><strong>’</strong></span> <span class='ocrx_word' id='word_1_291' title='bbox 351 4392 531 4479; x_wconf 83' lang='lat' dir='ltr'><strong>adultos,</strong></span> <span class='ocrx_word' id='word_1_292' title='bbox 561 4417 651 4467; x_wconf 91' lang='lat' dir='ltr'><strong>cum</strong></span> <span class='ocrx_word' id='word_1_293' title='bbox 674 4395 837 4470; x_wconf 82' lang='lat' dir='ltr'><strong>infantes</strong></span> <span class='ocrx_word' id='word_1_294' title='bbox 862 4397 912 4470; x_wconf 90' lang='lat' dir='ltr'><strong>ad</strong></span> <span class='ocrx_word' id='word_1_295' title='bbox 931 4396 1163 4491; x_wconf 81' lang='lat' dir='ltr'><strong>Baptismum</strong></span> <span class='ocrx_word' id='word_1_296' title='bbox 1196 4402 1398 4473; x_wconf 79' lang='lat' dir='ltr'><strong>accessisse</strong></span> <span class='ocrx_word' id='word_1_297' title='bbox 1431 4393 1652 4477; x_wconf 57' lang='lat' dir='ltr'><strong>videamus.i</strong></span> 
     </span>
     <span class='ocr_line' id='line_1_37' title="bbox 346 4492 1651 4603; baseline 0.008 -38"><span class='ocrx_word' id='word_1_298' title='bbox 346 4492 401 4603; x_wconf 80' lang='lat' dir='ltr'><strong>At</strong></span> <span class='ocrx_word' id='word_1_299' title='bbox 419 4516 499 4583; x_wconf 86' lang='lat' dir='ltr'><strong>non</strong></span> <span class='ocrx_word' id='word_1_300' title='bbox 515 4494 603 4573; x_wconf 88' lang='lat' dir='ltr'><strong>ideo</strong></span> <span class='ocrx_word' id='word_1_301' title='bbox 620 4497 952 4577; x_wconf 81' lang='lat' dir='ltr'><strong>fides-adhibenda</strong></span> <span class='ocrx_word' id='word_1_302' title='bbox 959 4521 1023 4586; x_wconf 60' lang='lat' dir='ltr'><strong>„est</strong></span> <span class='ocrx_word' id='word_1_303' title='bbox 1039 4499 1250 4591; x_wconf 75' lang='lat' dir='ltr'><strong>salmasio,</strong></span> <span class='ocrx_word' id='word_1_304' title='bbox 1258 4502 1418 4600; x_wconf 86' lang='lat' dir='ltr'><strong>aliisque</strong></span> <span class='ocrx_word' id='word_1_305' title='bbox 1435 4502 1542 4593; x_wconf 83' lang='lat' dir='ltr'><strong>hujus</strong></span> <span class='ocrx_word' id='word_1_306' title='bbox 1558 4505 1651 4575; x_wconf 56' lang='lat' dir='ltr'><strong>tura-</strong></span> 
     </span>
     <span class='ocr_line' id='line_1_38' title="bbox 367 4602 1761 4680; baseline -0.006 4"><span class='ocrx_word' id='word_1_307' title='bbox 367 4616 391 4664; x_wconf 70' lang='lat'><strong>·³</strong></span> <span class='ocrx_word' id='word_1_308' title='bbox 1155 4674 1160 4680; x_wconf 89' lang='lat'><strong>.</strong></span> <span class='ocrx_word' id='word_1_309' title='bbox 1581 4602 1640 4679; x_wconf 84' lang='lat' dir='ltr'><strong>iu·</strong></span> <span class='ocrx_word' id='word_1_310' title='bbox 1758 4626 1761 4631; x_wconf 93' lang='lat'>·</span> 
     </span>
    </p>
   </div>
   <div class='ocr_carea' id='block_1_7' title="bbox 0 0 2022 5275">
    <p class='ocr_par' dir='ltr' id='par_1_7' title="bbox 0 0 2022 5275">
     <span class='ocr_line' id='line_1_39' title="bbox 0 0 2022 5275; baseline 0 7"><span class='ocrx_word' id='word_1_311' title='bbox 0 0 2022 5275; x_wconf 95' lang='lat' dir='ltr'><strong> </strong></span> 
     </span>
    </p>
   </div>
  </div>
 </body>
</html>
