4034 5275
386 458 463 534 150
494 541 497 546 ¹
738 448 1015 524 Institutionum
1047 450 1312 529 Cooouioorum

364 543 499 619 saltem
516 546 727 642 Monachi,
743 550 823 626 sive
843 552 1007 651 religiosi
1027 555 1193 652 degere,
1211 573 1249 629 et
1267 577 1313 630 ex
1331 552 1515 631 reditibus
1533 613 1544 645 ,
1560 583 1654 634 con·

363 648 550 747 suetisque
573 649 741 730 fidelium
765 652 1019 755 eleemosynis
1037 659 1238 734 sustentari
1258 659 1476 757 quiverint:
1500 658 1656 761 Grego-

366 748 444 825 rius
473 752 543 825 XV
574 751 668 829 ibid.
731 756 733 764 ’

420 876 442 952 3
470 854 683 930 Parochuur
700 883 866 960 quoque,
883 862 984 939 intra
1001 865 1105 960 cujus
1125 864 1319 939 Parochiae
1343 864 1485 938 limites
1509 887 1658 944 novum

364 958 632 1032 exstruendum
654 977 711 1036 est
728 965 1031 1058 Monasterium,
1059 966 1292 1065 Episcopum
1315 968 1473 1055 audire,
1503 970 1657 1065 ejusque

366 1081 592 1176 consensum
613 1065 809 1161 exquirere
826 1085 1002 1164 oportet:
1033 1092 1153 1167 neque
1176 1070 1277 1146 enirn
1299 1070 1372 1144 nisi
1389 1069 1496 1145 salvo
1515 1069 1656 1145 Eccle-

367 1182 507 1236 starum
533 1163 797 1244 Parochialum
814 1173 926 1264 jure,
957 1194 1077 1246 novas
1098 1172 1324 1260 Ecclesiae,
1356 1188 1393 1246 et
1416 1173 1657 1249 Monosteria

366 1263 591 1340 aedificanda
621 1289 701 1343 esse
734 1290 818 1367 post
835 1270 1016 1348 Glossarn
1043 1274 1081 1347 in
1095 1274 1190 1371 Cap.
1212 1300 1227 1350 1
1248 1273 1292 1348 de
1307 1273 1414 1348 Noui
1430 1282 1552 1367 operis
1569 1300 1655 1349 uou-

367 1367 525 1542 tiatjooe
551 1370 666 1446 tradit
692 1373 980 1452 Panormitanus
1003 1379 1054 1453 ad
1082 1377 1178 1474 Cap.
1207 1401 1223 1450 1
1253 1374 1297 1450 de
1319 1377 1505 1454 Ecclesiis
1533 1374 1658 1472 aedrii·

368 1488 437 1544 caii
464 1477 512 1546 bs·
1646 1510 1650 1517 ’

417 1593 445 1666 4
475 1576 637 1652 Demum
661 1600 708 1654 ex
737 1583 894 1658 decreto
908 1581 1082 1659 Trident.
1111 1579 1204 1658 ibid.
1231 1579 1324 1678 Cap.
1353 1600 1372 1674 5
1401 1581 1439 1657 iu
1461 1583 1656 1659 erectione

368 1681 683 1754 monasteriorum
693 1683 920 1760 Monialiurn
934 1685 1132 1780 speciatim
1143 1684 1335 1782 Episcopo
1349 1686 1564 1759 cavendum
1580 1701 1654 1777 est,

368 1799 422 1894 ne
434 1795 541 1854 extra
561 1783 703 1856 moenia
723 1784 843 1877 urbis,
861 1787 923 1861 vel
940 1787 1075 1881 oppidi
1089 1788 1365 1863 constituantur
1381 1788 1570 1861 mulorum
1587 1789 1655 1862 ho·

366 1899 517 1954 murum
555 1888 722 1979 praedae‚
758 1888 914 1987 aliisque
950 1889 1179 1964 facinoribus
1209 1890 1394 1986 exposita.
1428 1890 1653 1981 Quinimmo

366 1979 462 2057 ibid.
487 1982 713 2083 Episcopis,
735 1991 892 2088 aliisque
909 1990 1124 2086 Praepositis
1147 1992 1381 2091 injungitur,
1403 2010 1445 2067 ut
1461 1992 1492 2065 si
1511 1994 1563 2066 ita
1586 2014 1656 2067 ex-

367 2085 501 2180 pedire
524 2086 742 2181 videbitur,
764 2092 1077 2170 sanctimoniales
1100 2095 1208 2169 exiis
1235 2097 1285 2169 ad
1310 2118 1436 2183 nova,
1460 2095 1522 2168 vel
1550 2095 1655 2168 anti·

366 2209 452 2285 qua¹
473 2192 707 2267 Moaasteria
736 2194 835 2270 intra
863 2195 1003 2284 urbes,
1036 2196 1099 2269 vel
1125 2197 1268 2290 oppida
1297 2194 1508 2291 frequentia
1538 2196 1655 2268 redu-

367 2307 515 2373 cantur.
544 2288 624 2394 (**)
649 2296 692 2367 ln
709 2298 921 2392 ¹Hispania.
937 2298 1054 2393 Regis
1077 2318 1225 2393 quoque
1257 2296 1411 2369 licentia
1439 2298 1656 2371 necessaria

369 2409 427 2466 est
450 2416 522 2490 pro
543 2396 654 2469 novis
670 2399 859 2495 erigendis
880 2398 1149 2472 Monasteriis:
1173 2397 1310 2475 Sanos.
1331 2395 1513 2488 1V§.22
1532 2394 1610 2476 Tit.
1628 2396 1658 2471 I
1717 2446 1722 2453 -

317 2526 321 2538 ·
368 2495 466 2573 Lib,
483 2495 553 2574 IV
582 2499 697 2599 vulgo
717 2503 843 2578 Autos
866 2500 1104 2611 Acordudos.
1130 2497 1187 2602 (*)

525 2705 766 2785 Mooasterio
790 2709 878 2811 jore
904 2713 1077 2787 comrouui
1105 2706 1290 2805 Episcopo
1319 2707 1498 2810 subjecto.

371 2962 374 2969 -
408 2912 492 2990 ill.
518 2905 755 2992 Monosteria
767 2916 851 3009 jure
868 2914 1064 2989 communi
1077 2910 1272 3011 Episcopo
1288 2910 1515 3007 subduntur,
1532 2916 1571 2989 in
1588 2937 1657 2992 cu·

366 3016 427 3109 lus
452 3019 622 3092 Dioecesi
639 3020 760 3115 posita
785 3034 894 3092 sunt:
919 3013 999 3119 (**)
1020 3017 1114 3113 Syn.
1137 3017 1286 3113 Hispal.
1309 3017 1344 3091 ll
1366 3013 1458 3093 Car.
1479 3039 1552 3109 nt,
1578 3020 1654 3093 Le·

372 3118 476 3215 gion.
494 3141 554 3194 un.
580 3143 675 3194 1012
698 3119 791 3205 Coo.
818 3137 888 3209 ιιι,
911 3121 1094 3211 Cojacen
1110 3142 1172 3193 an.
1194 3138 1319 3211 1050,
1347 3117 1438 3193 Cau.
1460 3140 1514 3210 rr,
1536 3118 1594 3222 (*)
1617 3130 1659 3195 et
1717 3165 1735 3178 ,

370 3218 466 3318 Cap.
494 3246 516 3322 3
538 3217 582 3296 de
609 3219 816 3318 Religiosis
837 3221 1023 3311 darniburg
1042 3237 1089 3297 'et
1112 3222 1262 3296 nonnisi
1282 3242 1329 3296 ex
1354 3221 1565 3319 privilegiis
1580 3243 1656 3319 pe-

370 3323 556 3401 detentim
575 3323 624 3400 ab
641 3324 823 3420 Episcopi
846 3340 1034 3420 potestate
1047 3325 1170 3400 eximi
1185 3340 1397 3419 coeperunt.
1423 3325 1466 3396 ld
1486 3326 1588 3421 quod
1606 3322 1656 3398 de'

372 3429 594 3502 omnimoda
613 3427 828 3501 exemtione
850 3427 1173 3524 naudintelligas.
1195 3427 1322 3517 Quum
1341 3426 1444 3499 enim
1474 3426 1657 3534 Episcopi

370 3546 539 3627 potestas
557 3530 630 3601 tria
650 3551 801 3623 prorsus
818 3545 982 3625 spectem
1002 3529 1149 3602 scilicet
1164 3581 1176 3615 ,
1191 3551 1274 3625 qnae
1291 3542 1378 3601 suut
1395 3530 1557 3618 ordinis,
1574 3551 1656 3626 quae

370 3650 457 3708 sunt
475 3629 887 3728 jurisdictionis,.qnae-
907 3631 1002 3728 kgis
1028 3645 1115 3704 sunt
1138 3630 1391 3722 dioecesanae.;
1421 3629 1658 3708 Monasteria

369 3735 394 3809 d
416 3738 501 3835 lege
521 3735 674 3832 quidem
695 3734 1079 3807 dioecesana-exesum
1102 3746 1188 3806 sunt
1201 3761 1223 3819 ,·
1244 3733 1504 3808 haud-uerna
1523 3747 1657 3829 potes:-

370 3854 450 3916 tate
472 3838 643 3925 ordinis,
668 3857 754 3911 nec·
770 3835 927 3910 omnino
950 3834 973 3908 i
1002 3833 1191 3934 potestate
1207 3831 1600 3938 jurisdictionis.:(**)
1618 3834 1656 3910 A

369 3941 455 4040 lege
476 3941 630 4039 quidem
654 3939 873 4028 dioecesana
890 3938 1033 4013 exemti
1057 3954 1168 4025 sunt,
1191 3939 1373 4034 quoniam
1390 3961 1482 4028 eos,
1507 3934 1550 4013 ut
1568 3937 1657 4033 plu}

369 4043 510 4127 simum
539 4064 614 4116 non
637 4040 757 4139 ligant
786 4041 919 4137 leges,
944 4063 1028 4139 quae
1051 4040 1101 4115 ad
1121 4054 1267 4114 rectam
1298 4041 1485 4116 Dioecesis
1512 4041 1657 4139 guber-

370 4148 564 4221 nationem
589 4144 751 4219 eduntur
780 4141 839 4219 ab,
852 4141 1059 4240 Episcopo.
1080 4141 1117 4215 A
1132 4189 1135 4194 ,
1153 4157 1341 4239 potestate
1371 4143 1515 4218 ordinis
1539 4144 1658 4218 minu

369 4273 434 4326 me
462 4247 620 4340 sejuncti
648 4262 761 4336 sunt,
787 4267 834 4321 eo
866 4243 994 4344 quod,
1017 4249 1209 4343 quantum⁸
1228 4248 1278 4319 ad
1301 4263 1497 4319 externam
1521 4244 1655 4321 Officii

368 4348 635 4427 Ecclesiastici·
646 4347 972 4439 celebrationem,
995 4363 1036 4422 et
1058 4348 1393 4448 sacramentorum·
1406 4349 1657 4423 ministratio·

355 4450 457 4531 -ue'rn
489 4451 681 4551 Episcopo
699 4509 701 4514 -
714 4451 951 4549 precipienti
983 4448 1145 4528 obedire
1174 4466 1364 4528 tenentur.
1394 4452 1430 4527 A
1462 4449 1687 4549 potestate..

385 4569 387 4575 .
799 4607 805 4618 Ι
845 4599 855 4618 ,
1587 4555 1650 4646 ju·
