4034 5275
730 455 913 543 Libet·
924 458 988 541 11
996 454 1032 539 T
1029 457 1146 539 smus
1153 457 1302 539 IV

537 663 801 783 (**)De
821 636 923 800 opto
925 611 1213 802 consecrationis
1213 594 1316 748 ioco.
1323 664 1381 773 (*)
1494 638 1497 643 ⁵
1563 610 1568 625 ί
1609 618 1633 629 „.

369 872 501 980 .(**)
513 878 596 952 XX.
622 873 729 953 Olim
748 875 868 954 licet
857 899 896 950 ιιι
914 813 1084 975 cryptis,
1106 890 1146 952 et
1162 813 1354 951 interdum
1371 872 1439 951 sub
1455 874 1520 953 dio
1535 877 1655 957 Sanc·

366 978 512 1055 tissima
528 979 777 1055 Eucharistiae
794 978 978 1076 mysteria
1008 976 1321 1068 celebrarentur,
1348 978 1499 1083 reddita
1523 995 1653 1059 tamen

365 1079 551 1158 Ecclesiae
567 1104 689 1178 pace,
719 1081 872 1158 nonnisi
895 1082 934 1156 in
956 1083 1134 1180 templis,
1164 1082 1282 1180 iisque
1300 1072 1539 1158 consecratis
1568 1106 1654 1181 per·

364 1182 607 1281 agebantur,
636 1184 690 1260 ita
710 1199 759 1260 ut
783 1188 865 1279 Jam
887 1200 967 1260 turn
995 1185 1076 1260 sola
1106 1187 1190 1259 haec
1218 1183 1336 1282 digna
1361 1182 1492 1260 habita
1514 1186 1654 1264 fuerint

366 1285 481 1378 loca,
511 1287 665 1363 Divinae·
693 1288 750 1362 rei
780 1287 1052 1377 conficiendae,
1083 1302 1123 1370 ut
1149 1287 1204 1363 art
1219 1287 1311 1383 Syn
1334 1286 1457 1363 Tolet.
1472 1311 1533 1362 an.
1551 1291 1651 1382 1582

366 1389 465 1463 Act.
484 1389 553 1463 ΙΙΙ
568 1389 727 1465 Decret.
739 1388 949 1464 XXXIX
960 1389 1055 1471 alias
1068 1388 1164 1463 XL
1185 1389 1338 1464 Privata
1358 1391 1469 1465 eninr
1474 1391 1654 1468 Oratoria

367 1487 439 1564 sub
463 1496 569 1586 cujus
589 1490 819 1568 vocabulum
834 1492 925 1590 Syn.
944 1491 1058 1566 toties
1084 1491 1186 1565 laud.
1202 1490 1353 1588 Hispal,
1369 1496 1462 1586 Cap.
1479 1492 1659 1568 XVIII
1718 1572 1725 1579 ,

365 1595 703 1691 comprehendisse
735 1596 886 1671 videtur
895 1638 914 1680 ·,
941 1594 1228 1690 Hospitalium,
1252 1593 1481 1682 Beatarutu,
1509 1610 1547 1669 et
1562 1594 1655 1670 Mu·

364 1695 521 1770 nialium
555 1697 730 1794 templa,
756 1697 846 1772 licet
859 1695 1033 1786 Ecclesia
1058 1697 1230 1788 jamdiu
1264 1695 1500 1792 permiserit,
1532 1719 1577 1771 ea
1595 1717 1655 1772 tab

364 1802 454 1871 nien
487 1796 643 1874 abolere
678 1821 829 1895 semper
864 1799 1018 1874 studuit.
1052 1797 1112 1871 En
1145 1795 1300 1874 Deerat.
1331 1799 1407 1873 XL
1436 1799 1529 1874 alias
1554 1800 1659 1878 XLI

363 1901 531 1993 ejusdem
539 1901 641 2022 ‘'Syn
659 1901 785 1975 Tolet.
805 1901 926 1999 Quom
955 1901 1070 1996 templ
1068 1923 1093 1973 o
1117 1899 1168 1975 ad
1183 1899 1325 1975 Divini
1342 1899 1536 1998 Sacrificii
1554 1909 1654 1978 ιιιιιιιι

354 2003 546 2094 peculiari
567 2007 649 2078 ritu
667 2019 885 2078 consecrata
909 2004 1010 2092 sint,
1041 2001 1184 2077 dicente
1203 2000 1381 2079 Domino:
1403 2004 1495 2078 Nou
1516 2005 1657 2082 offeras

363 2104 632 2179 holocaustum
651 2119 757 2179 tuum
776 2105 814 2177 in
831 2107 938 2177 omn'r
926 2104 1070 2192 loco,
1096 2104 1198 2177 sed
1188 2126 1227 2179 ιιι
1255 2104 1343 2179 loco
1362 2127 1474 2201 quem
1496 2105 1657 2205 elegerit

362 2203 554 2282 Dominus
571 2208 676 2281 Deus
691 2222 795 2296 tuus,
811 2230 875 2280 non
893 2208 1093 2280 concedunt
1107 2205 1286 2304 Episcopi
1300 2208 1465 2301 cuiquam
1478 2206 1657 2287 Sacerdo-

361 2308 399 2378 ιι·
412 2309 463 2381 od
476 2331 516 2382 ce
518 2306 758 2383 lebrandam
743 2331 781 2381 m
796 2310 967 2402 privatis
982 2307 1164 2398 domibus,
1188 2329 1253 2386 aot
1271 2330 1392 2383 eorum
1404 2307 1522 2404 Capri
1505 2311 1571 2387 llis
1579 2312 1655 2404 fa·

361 2408 552 2485 cultatem.
577 2412 657 2484 Hic
670 2413 762 2484 enim
778 2409 914 2485 abusos
931 2413 1044 2485 etiam
1059 2411 1143 2486 olim
1162 2434 1187 2482 o
1178 2406 1427 2505 Laodicena,
1438 2428 1477 2486 et
1486 2421 1655 2507 proxime

362 2508 533 2586 ciSacro
557 2511 769 2588 Tridentino
797 2511 963 2590 Concilio
997 2526 1057 2589 est
1071 2513 1331 2607 ¹reprehensus
1361 2513 1497 2590 Orator
1505 2516 1531 2589 ii
1560 2541 1655 2596 veru

362 2615 507 2709 privati
529 2613 763 2713 privilegia,
792 2638 874 2713 quae
897 2625 997 2689 nunc
1019 2639 1043 2688 a
1025 2614 1243 2696 Romano
1250 2608 1435 2691 Pontifiee
1462 2616 1655 2733 indulgeri·

362 2718 515 2807 solent,
530 2718 704 2816 ipsaque
721 2716 902 2793 Oratoria
933 2716 983 2794 ab
1002 2716 1196 2813 Episcopo
1210 2717 1440 2795 Dioecesauo
1448 2717 1656 2870 visitanda·

363 2832 462 2893 sunt.
471 2772 578 2895 T'rid
595 2820 706 2896 Sers.
713 2842 838 2940 mr
848 2820 891 2896 de
904 2819 1151 2897 observandis
1165 2819 1242 2897 &c
1252 2814 1371 2921 (i)
1586 2869 1600 2880 ·,

605 3022 754 3129 (ιιιυε
769 3049 823 3167 ιιι
817 2969 995 3142 Didinae
1008 3022 1238 3175 conficiendae
1254 3030 1343 3104 rito
1352 3022 1502 3130 (ι)

414 3228 494 3335 (**)
511 3234 608 3309 XXI.
632 3233 810 3311 Servatur
824 3211 966 3310 Noster
982 3234 1088 3332 Jesus
1103 3193 1278 3309 Christus
1292 3285 1306 3322 ,
1322 3222 1387 3332 qur
1375 3203 1554 3328 Verba,
1572 3199 1657 3337 qui·

359 3330 431 3411 bus
449 3335 738 3411 sacrosanctum
755 3336 1028 3430 suiCorporis',
1044 3345 1090 3407 et‘
1099 3335 1297 3431 Sanguinis
1312 3335 1545 3415 Sacrificium
1561 3363 1645 3435 per·

337 3440 551 3558 'agendum
576 3453 673 3512 esset
697 3436 952 3533 praescripsit,
975 3437 1098 3511 nullas
1125 3434 1177 3511 ab
1188 3435 1382 3531 Apostolis
1412 3438 1658 3559 adjiciendas

359 3527 633 3630 coerem'onias,
651 3540 773 3616 nullas
791 3539 994 3636 speciatim
1012 3539 1249 3636 precationes
1259 3538 1448 3614 indixisse
1465 3545 1645 3637 noscitur;

358 3664 493 3716 verum
511 3646 581 3717 hos
599 3643 751 3717 Divinae
769 3642 952 3717 doctrinae
969 3642 1139 3715 naeredes
1153 3694 1165 3730 ,
1181 3640 1254 3737 qui
1262 3642 1443 3718 nonnulla
1460 3642 1536 3718 ab
1528 3648 1643 3741 ipsius

357 3741 505 3818 Christi
520 3767 610 3834 ore,
632 3741 839 3817 traditione
856 3745 1122 3832 tantummodo
1141 3743 1392 3817 custodienda
1403 3761 1641 3841 receperunt,
1650 3773 1656 3798 ²
1702 3792 1706 3802 ·

355 3846 574 3922 verosimile
605 3860 691 3935 est,
721 3847 913 3944 quandam
944 3843 1040 3918 sibi
1043 3869 1158 3920 sacrae
1189 3843 1382 3920 habendae
1393 3845 1537 3943 Synaxi
1556 3872 1641 3927 me·
1651 3881 1659 3928 t

353 3950 544 4040 thodum,
568 3949 675 4024 etad
700 3947 955 4044 exemplum
944 3948 1061 4043 ipsius
1081 3947 1290 4065 praesertim
1308 3946 1536 4027 institutoris
1525 3976 1641 4053 pro·
1653 3987 1658 3996 ·

341 4053 523 4147 'posuisse
532 4005 796 4128 servandam.
829 4049 990 4124 Ροιιο
978 4072 1017 4122 ιιι
1049 4049 1181 4145 primis
1200 4048 1518 4129 Christianorum
1535 4074 1642 4134 ante·
1624 4083 1660 4132 -τ

352 4154 498 4228 lucanis
525 4150 777 4229 conventibus
806 4150 991 4228 credibile
1026 4168 1082 4226 est
1099 4151 1249 4227 Divino
1261 4149 1454 4229 Sacrificio
1476 4178 1641 4247 praeces·

352 4278 445 4331 rrsse
459 4253 751 4333 obsecrationes
758 4254 843 4332 rllas
862 4278 933 4352 pro
949 4256 1117 4351 populo,
1139 4270 1177 4328 et
1195 4276 1265 4349 pro
1283 4254 1416 4351 Rege,
1436 4272 1475 4336 et
1491 4263 1637 4355 gratia·
1645 4319 1657 4338 ,

352 4380 438 4434 rum
458 4358 653 4450 actiones,
678 4362 837 4455 quarum
861 4366 1050 4432 memorat
1066 4356 1202 4432 Paulus
1230 4356 1656 4457 1ιιΤιιιιι11ιι-.ι,-ἶ

350 4459 589 4596 psalmorum
638 4460 785 4543 scilicet
827 4460 1115 4575 recitationes,
1159 4456 1400 4564 Evangelii
1395 4458 1634 4640 ιιιιιιιιιῧιιι,
1647 4505 1658 4543 ,ι

1589 4588 1633 4640 0-
