<?xml version="1.0" encoding="UTF-8"?>
<!DOCTYPE html PUBLIC "-//W3C//DTD XHTML 1.0 Transitional//EN"
    "http://www.w3.org/TR/xhtml1/DTD/xhtml1-transitional.dtd">
<html xmlns="http://www.w3.org/1999/xhtml" xml:lang="en" lang="en">
 <head>
  <title>
</title>
<meta http-equiv="Content-Type" content="text/html;charset=utf-8" />
  <meta name='ocr-system' content='tesseract 3.04.00' />
  <meta name='ocr-capabilities' content='ocr_page ocr_carea ocr_par ocr_line ocrx_word'/>
</head>
<body>
  <div class='ocr_page' id='page_1' title='image "./institutionumca00selvgoog_0233.png"; bbox 0 0 4034 5275; ppageno 0'>
   <div class='ocr_carea' id='block_1_1' title="bbox 769 456 1639 563">
    <p class='ocr_par' dir='ltr' id='par_1_1' title="bbox 769 456 1639 563">
     <span class='ocr_line' id='line_1_1' title="bbox 769 456 1639 563; baseline 0.002 -3"><span class='ocrx_word' id='word_1_1' title='bbox 769 483 964 562; x_wconf 70' lang='lat' dir='ltr'>uteru.</span> <span class='ocrx_word' id='word_1_2' title='bbox 980 456 1129 560; x_wconf 68' lang='lat' dir='ltr'>runnu</span> <span class='ocrx_word' id='word_1_3' title='bbox 1144 484 1333 562; x_wconf 77' lang='lat' dir='ltr'>rrrrr.</span> <span class='ocrx_word' id='word_1_4' title='bbox 1568 507 1639 563; x_wconf 70' lang='grc' dir='ltr'>ιιι</span> 
     </span>
    </p>
   </div>
   <div class='ocr_carea' id='block_1_2' title="bbox 276 583 1696 4674">
    <p class='ocr_par' dir='ltr' id='par_1_2' title="bbox 278 583 1677 2028">
     <span class='ocr_line' id='line_1_2' title="bbox 373 583 1673 686; baseline 0.005 -23.014"><span class='ocrx_word' id='word_1_5' title='bbox 373 583 654 666; x_wconf 84' lang='lat' dir='ltr'>Ecclesiasticis</span> <span class='ocrx_word' id='word_1_6' title='bbox 672 590 930 665; x_wconf 84' lang='lat' dir='ltr'>sanctionibus</span> <span class='ocrx_word' id='word_1_7' title='bbox 946 591 1091 686; x_wconf 73' lang='lat' dir='ltr'>antiqui</span> <span class='ocrx_word' id='word_1_8' title='bbox 1081 590 1299 679; x_wconf 89' lang='lat' dir='ltr'>Canones,</span> <span class='ocrx_word' id='word_1_9' title='bbox 1315 606 1353 665; x_wconf 90' lang='lat' dir='ltr'>et</span> <span class='ocrx_word' id='word_1_10' title='bbox 1371 603 1588 666; x_wconf 87' lang='lat' dir='ltr'>sanctorum</span> <span class='ocrx_word' id='word_1_11' title='bbox 1607 595 1673 670; x_wconf 86' lang='lat' dir='ltr'>Pa·</span> 
     </span>
     <span class='ocr_line' id='line_1_3' title="bbox 359 692 1666 791; baseline 0.008 -29.1"><span class='ocrx_word' id='word_1_12' title='bbox 359 703 471 767; x_wconf 86' lang='lat' dir='ltr'>trum</span> <span class='ocrx_word' id='word_1_13' title='bbox 491 694 745 769; x_wconf 79' lang='lat' dir='ltr'>institutiones</span> <span class='ocrx_word' id='word_1_14' title='bbox 766 711 1049 784; x_wconf 85' lang='lat' dir='ltr'>memorantur·</span> <span class='ocrx_word' id='word_1_15' title='bbox 1073 697 1154 786; x_wconf 88' lang='lat' dir='ltr'>jam</span> <span class='ocrx_word' id='word_1_16' title='bbox 1190 695 1278 769; x_wconf 89' lang='lat' dir='ltr'>iude</span> <span class='ocrx_word' id='word_1_17' title='bbox 1312 695 1414 768; x_wconf 86' lang='lat' dir='ltr'>enirn</span> <span class='ocrx_word' id='word_1_18' title='bbox 1444 692 1493 769; x_wconf 90' lang='lat' dir='ltr'>ab</span> <span class='ocrx_word' id='word_1_19' title='bbox 1509 698 1666 791; x_wconf 86' lang='lat' dir='ltr'>Aposto</span> 
     </span>
     <span class='ocr_line' id='line_1_4' title="bbox 278 718 1665 894; baseline 0.003 -23"><span class='ocrx_word' id='word_1_20' title='bbox 278 866 281 871; x_wconf 87' lang='lat'>.</span> <span class='ocrx_word' id='word_1_21' title='bbox 338 861 345 869; x_wconf 29' lang='grc' dir='ltr'><strong>ι</strong></span> <span class='ocrx_word' id='word_1_22' title='bbox 353 790 491 871; x_wconf 86' lang='lat' dir='ltr'>lorum</span> <span class='ocrx_word' id='word_1_23' title='bbox 525 819 606 871; x_wconf 85' lang='lat' dir='ltr'>aevo</span> <span class='ocrx_word' id='word_1_24' title='bbox 637 798 703 871; x_wconf 90' lang='lat' dir='ltr'>illa</span> <span class='ocrx_word' id='word_1_25' title='bbox 727 819 877 894; x_wconf 84' lang='lat' dir='ltr'>semper</span> <span class='ocrx_word' id='word_1_26' title='bbox 898 797 935 869; x_wconf 94' lang='lat' dir='ltr'>in</span> <span class='ocrx_word' id='word_1_27' title='bbox 955 718 1127 870; x_wconf 69' lang='lat' dir='ltr'>Ecclesia</span> <span class='ocrx_word' id='word_1_28' title='bbox 1147 798 1537 894; x_wconf 85' lang='lat' dir='ltr'>viguitconsuetudo,</span> <span class='ocrx_word' id='word_1_29' title='bbox 1558 817 1665 875; x_wconf 91' lang='lat' dir='ltr'>vete-</span> 
     </span>
     <span class='ocr_line' id='line_1_5' title="bbox 356 897 1663 988; baseline 0.007 -19.048"><span class='ocrx_word' id='word_1_30' title='bbox 356 917 451 970; x_wconf 85' lang='grc' dir='ltr'><strong>ιιιιιι</strong></span> <span class='ocrx_word' id='word_1_31' title='bbox 472 900 731 975; x_wconf 88' lang='lat' dir='ltr'>Conciliorum</span> <span class='ocrx_word' id='word_1_32' title='bbox 758 897 978 975; x_wconf 88' lang='lat' dir='ltr'>Canonibus</span> <span class='ocrx_word' id='word_1_33' title='bbox 1008 900 1189 988; x_wconf 83' lang='lat' dir='ltr'>firmata,</span> <span class='ocrx_word' id='word_1_34' title='bbox 1218 915 1258 974; x_wconf 93' lang='lat' dir='ltr'>ut</span> <span class='ocrx_word' id='word_1_35' title='bbox 1292 924 1425 974; x_wconf 85' lang='lat' dir='ltr'>onrnes</span> <span class='ocrx_word' id='word_1_36' title='bbox 1442 902 1663 978; x_wconf 87' lang='lat' dir='ltr'>Dioeceseos</span> 
     </span>
     <span class='ocr_line' id='line_1_6' title="bbox 361 996 1663 1094; baseline 0.005 -21"><span class='ocrx_word' id='word_1_37' title='bbox 361 996 545 1076; x_wconf 80' lang='lat' dir='ltr'>Ecclesiae</span> <span class='ocrx_word' id='word_1_38' title='bbox 570 1026 658 1077; x_wconf 88' lang='lat' dir='ltr'>cum</span> <span class='ocrx_word' id='word_1_39' title='bbox 683 1004 757 1077; x_wconf 86' lang='lat' dir='ltr'>suis</span> <span class='ocrx_word' id='word_1_40' title='bbox 788 1002 999 1088; x_wconf 80' lang='lat' dir='ltr'>reditibus,</span> <span class='ocrx_word' id='word_1_41' title='bbox 1032 1003 1219 1092; x_wconf 87' lang='lat' dir='ltr'>decimis,</span> <span class='ocrx_word' id='word_1_42' title='bbox 1248 1001 1530 1094; x_wconf 78' lang='lat' dir='ltr'>oblationibus,</span> <span class='ocrx_word' id='word_1_43' title='bbox 1557 1005 1663 1080; x_wconf 89' lang='lat' dir='ltr'>aliis·</span> 
     </span>
     <span class='ocr_line' id='line_1_7' title="bbox 352 1104 1661 1203; baseline 0.007 -32"><span class='ocrx_word' id='word_1_44' title='bbox 352 1123 435 1199; x_wconf 76' lang='lat' dir='ltr'>:que</span> <span class='ocrx_word' id='word_1_45' title='bbox 453 1106 735 1203; x_wconf 86' lang='lat' dir='ltr'>quibuscunque</span> <span class='ocrx_word' id='word_1_46' title='bbox 748 1105 894 1199; x_wconf 86' lang='lat' dir='ltr'>J&#39;uribus</span> <span class='ocrx_word' id='word_1_47' title='bbox 919 1105 956 1178; x_wconf 93' lang='lat' dir='ltr'>in</span> <span class='ocrx_word' id='word_1_48' title='bbox 974 1104 1157 1201; x_wconf 85' lang='lat' dir='ltr'>Episcopi</span> <span class='ocrx_word' id='word_1_49' title='bbox 1172 1122 1296 1180; x_wconf 89' lang='lat' dir='ltr'>essent</span> <span class='ocrx_word' id='word_1_50' title='bbox 1315 1122 1519 1203; x_wconf 87' lang='lat' dir='ltr'>potestate:</span> <span class='ocrx_word' id='word_1_51' title='bbox 1538 1105 1661 1195; x_wconf 73' lang='lat' dir='ltr'>Cone,</span> 
     </span>
     <span class='ocr_line' id='line_1_8' title="bbox 352 1203 1677 1299; baseline 0.003 -17"><span class='ocrx_word' id='word_1_52' title='bbox 352 1203 647 1283; x_wconf 71' lang='lat' dir='ltr'>Antiochenam</span> <span class='ocrx_word' id='word_1_53' title='bbox 661 1208 755 1284; x_wconf 85' lang='lat' dir='ltr'>Can.</span> <span class='ocrx_word' id='word_1_54' title='bbox 770 1231 912 1298; x_wconf 72' lang='lat' dir='ltr'>mv,</span> <span class='ocrx_word' id='word_1_55' title='bbox 927 1209 1200 1291; x_wconf 85' lang='lat' dir='ltr'>Aurelianense</span> <span class='ocrx_word' id='word_1_56' title='bbox 1216 1211 1231 1282; x_wconf 92' lang='lat' dir='ltr'>l</span> <span class='ocrx_word' id='word_1_57' title='bbox 1249 1208 1341 1284; x_wconf 84' lang='lat' dir='ltr'>Cau.</span> <span class='ocrx_word' id='word_1_58' title='bbox 1357 1230 1484 1299; x_wconf 70' lang='lat' dir='ltr'>mr,</span> <span class='ocrx_word' id='word_1_59' title='bbox 1500 1206 1677 1286; x_wconf 81' lang='lat' dir='ltr'>Cabito·&#39;</span> 
     </span>
     <span class='ocr_line' id='line_1_9' title="bbox 348 1309 1662 1409; baseline 0.006 -29"><span class='ocrx_word' id='word_1_60' title='bbox 348 1309 480 1385; x_wconf 80' lang='lat' dir='ltr'>nense</span> <span class='ocrx_word' id='word_1_61' title='bbox 496 1314 510 1384; x_wconf 95' lang='lat'><em>1</em></span> <span class='ocrx_word' id='word_1_62' title='bbox 528 1311 621 1386; x_wconf 81' lang='lat' dir='ltr'>Can.</span> <span class='ocrx_word' id='word_1_63' title='bbox 633 1333 757 1397; x_wconf 66' lang='grc' dir='ltr'><strong>χιιι,</strong></span> <span class='ocrx_word' id='word_1_64' title='bbox 774 1311 1043 1408; x_wconf 84' lang='lat' dir='ltr'>Moguntinum</span> <span class='ocrx_word' id='word_1_65' title='bbox 1061 1334 1120 1403; x_wconf 84' lang='lat' dir='ltr'>an.</span> <span class='ocrx_word' id='word_1_66' title='bbox 1137 1312 1211 1409; x_wconf 83' lang='lat'>813</span> <span class='ocrx_word' id='word_1_67' title='bbox 1230 1311 1321 1386; x_wconf 84' lang='lat' dir='ltr'>Can.</span> <span class='ocrx_word' id='word_1_68' title='bbox 1339 1313 1662 1403; x_wconf 79' lang='lat' dir='ltr'>v111,Turonen·</span> 
     </span>
     <span class='ocr_line' id='line_1_10' title="bbox 354 1410 1658 1515; baseline 0.007 -33"><span class='ocrx_word' id='word_1_69' title='bbox 354 1431 403 1482; x_wconf 67' lang='grc' dir='ltr'>»ιε</span> <span class='ocrx_word' id='word_1_70' title='bbox 417 1410 695 1488; x_wconf 71' lang='lat' dir='ltr'>Cnmmbcc.</span> <span class='ocrx_word' id='word_1_71' title='bbox 716 1410 797 1515; x_wconf 79' lang='grc'>(**)</span> <span class='ocrx_word' id='word_1_72' title='bbox 816 1417 882 1488; x_wconf 88' lang='lat' dir='ltr'>llis</span> <span class='ocrx_word' id='word_1_73' title='bbox 899 1412 1075 1489; x_wconf 90' lang='lat' dir='ltr'>omnibus</span> <span class='ocrx_word' id='word_1_74' title='bbox 1095 1415 1243 1508; x_wconf 81' lang='lat' dir='ltr'>praeivit</span> <span class='ocrx_word' id='word_1_75' title='bbox 1260 1431 1391 1503; x_wconf 87' lang='lat' dir='ltr'>aetate,</span> <span class='ocrx_word' id='word_1_76' title='bbox 1408 1432 1447 1488; x_wconf 91' lang='lat' dir='ltr'>et</span> <span class='ocrx_word' id='word_1_77' title='bbox 1462 1418 1658 1491; x_wconf 82' lang='lat' dir='ltr'>seutentiae</span> 
     </span>
     <span class='ocr_line' id='line_1_11' title="bbox 347 1512 1658 1614; baseline 0.005 -28"><span class='ocrx_word' id='word_1_78' title='bbox 347 1512 547 1610; x_wconf 72' lang='lat' dir='ltr'>‘dignitate</span> <span class='ocrx_word' id='word_1_79' title='bbox 560 1518 650 1614; x_wconf 87' lang='lat' dir='ltr'>Syn.</span> <span class='ocrx_word' id='word_1_80' title='bbox 665 1519 789 1591; x_wconf 87' lang='lat' dir='ltr'>Tolet.</span> <span class='ocrx_word' id='word_1_81' title='bbox 808 1516 862 1590; x_wconf 94' lang='lat' dir='ltr'>lV</span> <span class='ocrx_word' id='word_1_82' title='bbox 879 1516 972 1592; x_wconf 86' lang='lat' dir='ltr'>Can.</span> <span class='ocrx_word' id='word_1_83' title='bbox 990 1537 1167 1588; x_wconf 76' lang='lat' dir='ltr'>mm</span> <span class='ocrx_word' id='word_1_84' title='bbox 1180 1519 1273 1590; x_wconf 87' lang='lat' dir='ltr'>alias</span> <span class='ocrx_word' id='word_1_85' title='bbox 1290 1539 1446 1591; x_wconf 70' lang='lat' dir='ltr'>rr‘a‘rr</span> <span class='ocrx_word' id='word_1_86' title='bbox 1463 1517 1517 1590; x_wconf 80' lang='lat' dir='ltr'>ito</span> <span class='ocrx_word' id='word_1_87' title='bbox 1541 1542 1658 1592; x_wconf 90' lang='lat' dir='ltr'>cons·</span> 
     </span>
     <span class='ocr_line' id='line_1_12' title="bbox 354 1614 1656 1715; baseline 0.008 -28"><span class='ocrx_word' id='word_1_88' title='bbox 354 1614 514 1692; x_wconf 68' lang='lat' dir='ltr'>vtituens:</span> <span class='ocrx_word' id='word_1_89' title='bbox 528 1620 718 1694; x_wconf 80' lang='lat' dir='ltr'>Noverint</span> <span class='ocrx_word' id='word_1_90' title='bbox 731 1619 940 1694; x_wconf 82' lang='lat' dir='ltr'>conditores</span> <span class='ocrx_word' id='word_1_91' title='bbox 950 1619 1223 1709; x_wconf 79' lang='lat' dir='ltr'>Basilicarum</span> <span class='ocrx_word' id='word_1_92' title='bbox 1237 1623 1275 1691; x_wconf 84' lang='lat' dir='ltr'>in</span> <span class='ocrx_word' id='word_1_93' title='bbox 1292 1618 1401 1693; x_wconf 83' lang='lat' dir='ltr'>rebus</span> <span class='ocrx_word' id='word_1_94' title='bbox 1416 1642 1507 1715; x_wconf 86' lang='lat' dir='ltr'>quas</span> <span class='ocrx_word' id='word_1_95' title='bbox 1522 1620 1656 1698; x_wconf 85' lang='lat' dir='ltr'>eisdem</span> 
     </span>
     <span class='ocr_line' id='line_1_13' title="bbox 354 1715 1655 1823; baseline 0.007 -33.028"><span class='ocrx_word' id='word_1_96' title='bbox 354 1715 548 1795; x_wconf 82' lang='lat' dir='ltr'>Ecclesiis</span> <span class='ocrx_word' id='word_1_97' title='bbox 562 1721 774 1816; x_wconf 84' lang='lat' dir='ltr'>conferunt,</span> <span class='ocrx_word' id='word_1_98' title='bbox 788 1748 833 1796; x_wconf 87' lang='lat' dir='ltr'>nu</span> <span class='ocrx_word' id='word_1_99' title='bbox 835 1721 923 1795; x_wconf 84' lang='lat' dir='ltr'>llam</span> <span class='ocrx_word' id='word_1_100' title='bbox 937 1735 1162 1816; x_wconf 83' lang='lat' dir='ltr'>potestatem</span> <span class='ocrx_word' id='word_1_101' title='bbox 1178 1720 1334 1812; x_wconf 83' lang='lat' dir='ltr'>habere,</span> <span class='ocrx_word' id='word_1_102' title='bbox 1362 1721 1460 1796; x_wconf 82' lang='lat' dir='ltr'>sed</span> <span class='ocrx_word' id='word_1_103' title='bbox 1436 1738 1557 1823; x_wconf 83' lang='lat' dir='ltr'>Juxta</span> <span class='ocrx_word' id='word_1_104' title='bbox 1575 1722 1655 1799; x_wconf 87' lang='lat' dir='ltr'>Ca·</span> 
     </span>
     <span class='ocr_line' id='line_1_14' title="bbox 354 1824 1657 1927; baseline 0.006 -34"><span class='ocrx_word' id='word_1_105' title='bbox 354 1843 483 1896; x_wconf 83' lang='lat' dir='ltr'>nonum</span> <span class='ocrx_word' id='word_1_106' title='bbox 497 1828 700 1915; x_wconf 83' lang='lat' dir='ltr'>instituta,</span> <span class='ocrx_word' id='word_1_107' title='bbox 716 1827 814 1899; x_wconf 83' lang='lat' dir='ltr'>sicut</span> <span class='ocrx_word' id='word_1_108' title='bbox 834 1826 1064 1917; x_wconf 83' lang='lat' dir='ltr'>Ecclesiam,</span> <span class='ocrx_word' id='word_1_109' title='bbox 1080 1827 1140 1898; x_wconf 83' lang='lat' dir='ltr'>ita</span> <span class='ocrx_word' id='word_1_110' title='bbox 1156 1839 1194 1899; x_wconf 83' lang='lat' dir='ltr'>et</span> <span class='ocrx_word' id='word_1_111' title='bbox 1211 1824 1379 1899; x_wconf 86' lang='lat' dir='ltr'>dotem</span> <span class='ocrx_word' id='word_1_112' title='bbox 1343 1850 1423 1927; x_wconf 74' lang='lat' dir='ltr'>epus</span> <span class='ocrx_word' id='word_1_113' title='bbox 1438 1825 1490 1900; x_wconf 82' lang='lat' dir='ltr'>ad</span> <span class='ocrx_word' id='word_1_114' title='bbox 1504 1825 1657 1904; x_wconf 82' lang='lat' dir='ltr'>ordina-</span> 
     </span>
     <span class='ocr_line' id='line_1_15' title="bbox 358 1919 961 2028; baseline 0.013 -32"><span class='ocrx_word' id='word_1_115' title='bbox 358 1927 491 2000; x_wconf 79' lang='lat' dir='ltr'>tionem</span> <span class='ocrx_word' id='word_1_116' title='bbox 506 1919 687 2024; x_wconf 81' lang='lat' dir='ltr'>Episcopi</span> <span class='ocrx_word' id='word_1_117' title='bbox 698 1931 898 2024; x_wconf 82' lang='lat' dir='ltr'>pertinere.</span> <span class='ocrx_word' id='word_1_118' title='bbox 906 1925 944 2028; x_wconf 83' lang='lat'>(*</span> <span class='ocrx_word' id='word_1_119' title='bbox 946 1923 961 2028; x_wconf 90' lang='lat'>)</span> 
     </span>
    </p>

    <p class='ocr_par' dir='ltr' id='par_1_3' title="bbox 276 2028 1657 3359">
     <span class='ocr_line' id='line_1_16' title="bbox 412 2028 1656 2128; baseline 0.007 -27"><span class='ocrx_word' id='word_1_120' title='bbox 412 2028 478 2102; x_wconf 95' lang='lat' dir='ltr'>lV.</span> <span class='ocrx_word' id='word_1_121' title='bbox 507 2032 592 2128; x_wconf 87' lang='lat' dir='ltr'>Jam</span> <span class='ocrx_word' id='word_1_122' title='bbox 612 2054 702 2105; x_wconf 90' lang='lat' dir='ltr'>vero</span> <span class='ocrx_word' id='word_1_123' title='bbox 720 2030 860 2105; x_wconf 88' lang='lat' dir='ltr'>deinde</span> <span class='ocrx_word' id='word_1_124' title='bbox 881 2031 947 2104; x_wconf 88' lang='lat' dir='ltr'>alii</span> <span class='ocrx_word' id='word_1_125' title='bbox 972 2031 1089 2105; x_wconf 87' lang='lat' dir='ltr'>etiam</span> <span class='ocrx_word' id='word_1_126' title='bbox 1116 2044 1352 2105; x_wconf 86' lang='lat' dir='ltr'>emerserunt</span> <span class='ocrx_word' id='word_1_127' title='bbox 1367 2030 1564 2104; x_wconf 90' lang='lat' dir='ltr'>inferiores</span> <span class='ocrx_word' id='word_1_128' title='bbox 1582 2031 1656 2109; x_wconf 86' lang='lat' dir='ltr'>Be·</span> 
     </span>
     <span class='ocr_line' id='line_1_17' title="bbox 355 2130 1655 2251; baseline 0.003 -46"><span class='ocrx_word' id='word_1_129' title='bbox 355 2131 581 2208; x_wconf 81' lang='lat' dir='ltr'>ueficiorum</span> <span class='ocrx_word' id='word_1_130' title='bbox 595 2133 831 2222; x_wconf 89' lang='lat' dir='ltr'>Collatores,</span> <span class='ocrx_word' id='word_1_131' title='bbox 848 2150 886 2206; x_wconf 93' lang='lat' dir='ltr'>et</span> <span class='ocrx_word' id='word_1_132' title='bbox 902 2133 1056 2251; x_wconf 79' lang='lat' dir='ltr'>quidem</span> <span class='ocrx_word' id='word_1_133' title='bbox 1073 2134 1135 2206; x_wconf 93' lang='lat' dir='ltr'>vel</span> <span class='ocrx_word' id='word_1_134' title='bbox 1150 2130 1200 2207; x_wconf 89' lang='lat' dir='ltr'>ab</span> <span class='ocrx_word' id='word_1_135' title='bbox 1215 2133 1446 2228; x_wconf 88' lang='lat' dir='ltr'>Apostolicae</span> <span class='ocrx_word' id='word_1_136' title='bbox 1460 2132 1565 2207; x_wconf 89' lang='lat' dir='ltr'>Sedis</span> <span class='ocrx_word' id='word_1_137' title='bbox 1585 2136 1655 2230; x_wconf 86' lang='lat' dir='ltr'>pri·</span> 
     </span>
     <span class='ocr_line' id='line_1_18' title="bbox 354 2232 1655 2333; baseline 0.008 -29"><span class='ocrx_word' id='word_1_138' title='bbox 354 2232 527 2332; x_wconf 86' lang='lat' dir='ltr'>vilegio,</span> <span class='ocrx_word' id='word_1_139' title='bbox 558 2237 639 2312; x_wconf 90' lang='lat' dir='ltr'>sive</span> <span class='ocrx_word' id='word_1_140' title='bbox 673 2237 821 2312; x_wconf 88' lang='lat' dir='ltr'>indulto</span> <span class='ocrx_word' id='word_1_141' title='bbox 853 2235 1052 2333; x_wconf 83' lang='lat' dir='ltr'>speciatim</span> <span class='ocrx_word' id='word_1_142' title='bbox 1088 2258 1292 2310; x_wconf 87' lang='lat' dir='ltr'>concesso:</span> <span class='ocrx_word' id='word_1_143' title='bbox 1320 2234 1655 2314; x_wconf 79' lang='lat' dir='ltr'>Can.10aus.16</span> 
     </span>
     <span class='ocr_line' id='line_1_19' title="bbox 355 2333 1657 2433; baseline 0.005 -21"><span class='ocrx_word' id='word_1_144' title='bbox 355 2333 410 2432; x_wconf 72' lang='lat' dir='ltr'>Q.</span> <span class='ocrx_word' id='word_1_145' title='bbox 428 2338 483 2412; x_wconf 93' lang='grc' dir='ltr'>ΙΙ</span> <span class='ocrx_word' id='word_1_146' title='bbox 493 2394 505 2428; x_wconf 87' lang='grc'><em>,</em></span> <span class='ocrx_word' id='word_1_147' title='bbox 532 2341 595 2415; x_wconf 91' lang='lat' dir='ltr'>vel</span> <span class='ocrx_word' id='word_1_148' title='bbox 625 2338 675 2416; x_wconf 91' lang='lat' dir='ltr'>ab</span> <span class='ocrx_word' id='word_1_149' title='bbox 697 2340 909 2414; x_wconf 89' lang='lat' dir='ltr'>inveterata</span> <span class='ocrx_word' id='word_1_150' title='bbox 939 2339 1232 2414; x_wconf 88' lang='lat' dir='ltr'>consuetudine:</span> <span class='ocrx_word' id='word_1_151' title='bbox 1261 2336 1395 2433; x_wconf 84' lang='lat' dir='ltr'>Cap.6</span> <span class='ocrx_word' id='word_1_152' title='bbox 1421 2342 1465 2413; x_wconf 84' lang='lat' dir='ltr'>de</span> <span class='ocrx_word' id='word_1_153' title='bbox 1481 2341 1657 2417; x_wconf 85' lang='lat' dir='ltr'>Institct.</span> 
     </span>
     <span class='ocr_line' id='line_1_20' title="bbox 355 2438 1656 2538; baseline 0.003 -27"><span class='ocrx_word' id='word_1_154' title='bbox 355 2439 420 2512; x_wconf 86' lang='lat' dir='ltr'>vel</span> <span class='ocrx_word' id='word_1_155' title='bbox 442 2438 492 2515; x_wconf 90' lang='lat' dir='ltr'>ab</span> <span class='ocrx_word' id='word_1_156' title='bbox 513 2463 690 2538; x_wconf 88' lang='lat' dir='ltr'>expressa</span> <span class='ocrx_word' id='word_1_157' title='bbox 708 2445 903 2517; x_wconf 91' lang='lat' dir='ltr'>voluntate</span> <span class='ocrx_word' id='word_1_158' title='bbox 922 2441 1165 2516; x_wconf 88' lang='lat' dir='ltr'>fundatorum</span> <span class='ocrx_word' id='word_1_159' title='bbox 1188 2443 1391 2516; x_wconf 89' lang='lat' dir='ltr'>constituta</span> <span class='ocrx_word' id='word_1_160' title='bbox 1409 2441 1433 2515; x_wconf 75' lang='lat' dir='ltr'>al</span> <span class='ocrx_word' id='word_1_161' title='bbox 1450 2463 1489 2514; x_wconf 92' lang='lat' dir='ltr'>se</span> <span class='ocrx_word' id='word_1_162' title='bbox 1503 2441 1656 2516; x_wconf 88' lang='lat' dir='ltr'>Benefi-</span> 
     </span>
     <span class='ocr_line' id='line_1_21' title="bbox 354 2541 1654 2640; baseline 0.005 -26"><span class='ocrx_word' id='word_1_163' title='bbox 354 2541 415 2616; x_wconf 85' lang='lat' dir='ltr'>cia</span> <span class='ocrx_word' id='word_1_164' title='bbox 432 2547 647 2639; x_wconf 90' lang='lat' dir='ltr'>patronatui</span> <span class='ocrx_word' id='word_1_165' title='bbox 665 2542 962 2638; x_wconf 84' lang='lat' dir='ltr'>subjicientium:</span> <span class='ocrx_word' id='word_1_166' title='bbox 979 2541 1074 2635; x_wconf 87' lang='lat' dir='ltr'>Cap.</span> <span class='ocrx_word' id='word_1_167' title='bbox 1092 2563 1139 2634; x_wconf 73' lang='grc' dir='ltr'>ις</span> <span class='ocrx_word' id='word_1_168' title='bbox 1153 2543 1196 2615; x_wconf 86' lang='lat' dir='ltr'>de</span> <span class='ocrx_word' id='word_1_169' title='bbox 1208 2541 1387 2639; x_wconf 74' lang='lat' dir='ltr'>Jurepatt</span> <span class='ocrx_word' id='word_1_170' title='bbox 1389 2561 1538 2616; x_wconf 74' lang='lat' dir='ltr'>onasus</span> <span class='ocrx_word' id='word_1_171' title='bbox 1551 2544 1654 2640; x_wconf 85' lang='lat' dir='ltr'>Papa</span> 
     </span>
     <span class='ocr_line' id='line_1_22' title="bbox 276 2642 1655 2747; baseline -0.002 -24"><span class='ocrx_word' id='word_1_172' title='bbox 276 2718 282 2723; x_wconf 29' lang='grc' dir='ltr'><strong>ι</strong></span> <span class='ocrx_word' id='word_1_173' title='bbox 352 2665 504 2747; x_wconf 88' lang='lat' dir='ltr'>quoque</span> <span class='ocrx_word' id='word_1_174' title='bbox 521 2671 791 2746; x_wconf 85' lang='lat' dir='ltr'>quumprrmts</span> <span class='ocrx_word' id='word_1_175' title='bbox 807 2648 862 2721; x_wconf 89' lang='lat' dir='ltr'>uti</span> <span class='ocrx_word' id='word_1_176' title='bbox 883 2669 971 2719; x_wconf 86' lang='lat' dir='ltr'>mox</span> <span class='ocrx_word' id='word_1_177' title='bbox 989 2642 1223 2733; x_wconf 81' lang='lat' dir='ltr'>vldebtmus</span> <span class='ocrx_word' id='word_1_178' title='bbox 1242 2644 1339 2720; x_wconf 90' lang='lat' dir='ltr'>bene</span> <span class='ocrx_word' id='word_1_179' title='bbox 1357 2646 1561 2720; x_wconf 86' lang='lat' dir='ltr'>multorum</span> <span class='ocrx_word' id='word_1_180' title='bbox 1582 2646 1655 2720; x_wconf 87' lang='lat' dir='ltr'>Be·</span> 
     </span>
     <span class='ocr_line' id='line_1_23' title="bbox 349 2746 1656 2846; baseline 0.003 -27.009"><span class='ocrx_word' id='word_1_181' title='bbox 349 2748 578 2833; x_wconf 81' lang='lat' dir='ltr'>neficiorum</span> <span class='ocrx_word' id='word_1_182' title='bbox 594 2751 828 2827; x_wconf 83' lang='lat' dir='ltr'>Collationes</span> <span class='ocrx_word' id='word_1_183' title='bbox 847 2746 919 2824; x_wconf 90' lang='lat' dir='ltr'>sibi</span> <span class='ocrx_word' id='word_1_184' title='bbox 936 2749 1160 2822; x_wconf 87' lang='lat' dir='ltr'>reservavit.</span> <span class='ocrx_word' id='word_1_185' title='bbox 1174 2748 1292 2832; x_wconf 89' lang='lat' dir='ltr'>Porro</span> <span class='ocrx_word' id='word_1_186' title='bbox 1306 2770 1422 2846; x_wconf 87' lang='lat' dir='ltr'>quum</span> <span class='ocrx_word' id='word_1_187' title='bbox 1437 2772 1485 2823; x_wconf 90' lang='lat' dir='ltr'>ex</span> <span class='ocrx_word' id='word_1_188' title='bbox 1501 2749 1656 2844; x_wconf 87' lang='lat' dir='ltr'>disposi-</span> 
     </span>
     <span class='ocr_line' id='line_1_24' title="bbox 351 2848 1652 2950; baseline 0.002 -28"><span class='ocrx_word' id='word_1_189' title='bbox 351 2848 488 2925; x_wconf 81' lang='lat' dir='ltr'>tione</span> <span class='ocrx_word' id='word_1_190' title='bbox 472 2856 569 2947; x_wconf 91' lang='lat' dir='ltr'>Juris</span> <span class='ocrx_word' id='word_1_191' title='bbox 585 2855 825 2946; x_wconf 87' lang='lat' dir='ltr'>communis,</span> <span class='ocrx_word' id='word_1_192' title='bbox 837 2876 883 2930; x_wconf 91' lang='lat' dir='ltr'>ac</span> <span class='ocrx_word' id='word_1_193' title='bbox 898 2852 1128 2950; x_wconf 84' lang='lat' dir='ltr'>primigenio</span> <span class='ocrx_word' id='word_1_194' title='bbox 1146 2849 1328 2925; x_wconf 87' lang='lat' dir='ltr'>Ecclesiae</span> <span class='ocrx_word' id='word_1_195' title='bbox 1344 2873 1411 2925; x_wconf 93' lang='lat' dir='ltr'>usu</span> <span class='ocrx_word' id='word_1_196' title='bbox 1429 2849 1652 2947; x_wconf 79' lang='lat' dir='ltr'>Episcopus,</span> 
     </span>
     <span class='ocr_line' id='line_1_25' title="bbox 338 2952 1658 3051; baseline 0.001 -25"><span class='ocrx_word' id='word_1_197' title='bbox 338 2963 538 3051; x_wconf 67' lang='lat' dir='ltr'>‘tanquam</span> <span class='ocrx_word' id='word_1_198' title='bbox 554 2956 780 3032; x_wconf 90' lang='lat' dir='ltr'>Ordiuarius</span> <span class='ocrx_word' id='word_1_199' title='bbox 798 2955 982 3030; x_wconf 87' lang='lat' dir='ltr'>habeatur</span> <span class='ocrx_word' id='word_1_200' title='bbox 1003 2954 1175 3029; x_wconf 87' lang='lat' dir='ltr'>omnium</span> <span class='ocrx_word' id='word_1_201' title='bbox 1198 2977 1271 3027; x_wconf 86' lang='lat' dir='ltr'>suae</span> <span class='ocrx_word' id='word_1_202' title='bbox 1291 2955 1512 3029; x_wconf 89' lang='lat' dir='ltr'>Dioeceseos</span> <span class='ocrx_word' id='word_1_203' title='bbox 1532 2952 1658 3027; x_wconf 88' lang='lat' dir='ltr'>Bene·</span> 
     </span>
     <span class='ocr_line' id='line_1_26' title="bbox 352 3055 1656 3148; baseline 0.002 -19"><span class='ocrx_word' id='word_1_204' title='bbox 352 3055 531 3131; x_wconf 73' lang='lat' dir='ltr'>liciorum</span> <span class='ocrx_word' id='word_1_205' title='bbox 547 3057 741 3148; x_wconf 86' lang='lat' dir='ltr'>Collator,</span> <span class='ocrx_word' id='word_1_206' title='bbox 759 3060 849 3132; x_wconf 91' lang='lat' dir='ltr'>hinc</span> <span class='ocrx_word' id='word_1_207' title='bbox 866 3057 937 3130; x_wconf 89' lang='lat' dir='ltr'>nisi</span> <span class='ocrx_word' id='word_1_208' title='bbox 951 3071 1058 3132; x_wconf 91' lang='lat' dir='ltr'>certo</span> <span class='ocrx_word' id='word_1_209' title='bbox 1072 3072 1242 3145; x_wconf 91' lang='lat' dir='ltr'>constet,</span> <span class='ocrx_word' id='word_1_210' title='bbox 1256 3055 1318 3131; x_wconf 88' lang='lat' dir='ltr'>vel</span> <span class='ocrx_word' id='word_1_211' title='bbox 1332 3058 1380 3130; x_wconf 89' lang='lat' dir='ltr'>de</span> <span class='ocrx_word' id='word_1_212' title='bbox 1395 3056 1656 3131; x_wconf 88' lang='lat' dir='ltr'>reservatione</span> 
     </span>
     <span class='ocr_line' id='line_1_27' title="bbox 352 3148 1656 3255; baseline 0.005 -26.027"><span class='ocrx_word' id='word_1_213' title='bbox 352 3148 585 3253; x_wconf 74' lang='lat' dir='ltr'>Pontificio,</span> <span class='ocrx_word' id='word_1_214' title='bbox 609 3164 672 3237; x_wconf 91' lang='lat' dir='ltr'>vel</span> <span class='ocrx_word' id='word_1_215' title='bbox 690 3164 767 3237; x_wconf 89' lang='lat' dir='ltr'>de</span> <span class='ocrx_word' id='word_1_216' title='bbox 749 3184 835 3255; x_wconf 92' lang='lat' dir='ltr'>Jure</span> <span class='ocrx_word' id='word_1_217' title='bbox 852 3159 1075 3235; x_wconf 88' lang='lat' dir='ltr'>conferendi</span> <span class='ocrx_word' id='word_1_218' title='bbox 1091 3158 1202 3235; x_wconf 85' lang='lat' dir='ltr'>alteri</span> <span class='ocrx_word' id='word_1_219' title='bbox 1218 3182 1422 3251; x_wconf 89' lang='lat' dir='ltr'>concesso,</span> <span class='ocrx_word' id='word_1_220' title='bbox 1443 3158 1565 3235; x_wconf 89' lang='lat' dir='ltr'>libere</span> <span class='ocrx_word' id='word_1_221' title='bbox 1590 3160 1656 3236; x_wconf 86' lang='lat' dir='ltr'>itta</span> 
     </span>
     <span class='ocr_line' id='line_1_28' title="bbox 353 3258 915 3359; baseline 0.002 -25.007"><span class='ocrx_word' id='word_1_222' title='bbox 353 3258 571 3359; x_wconf 89' lang='lat' dir='ltr'>Episcopus</span> <span class='ocrx_word' id='word_1_223' title='bbox 589 3281 713 3359; x_wconf 90' lang='lat' dir='ltr'>potest</span> <span class='ocrx_word' id='word_1_224' title='bbox 729 3266 915 3339; x_wconf 88' lang='lat' dir='ltr'>conferre.</span> 
     </span>
    </p>

    <p class='ocr_par' dir='ltr' id='par_1_4' title="bbox 280 3360 1696 4674">
     <span class='ocr_line' id='line_1_29' title="bbox 298 3360 1696 3463; baseline 0.003 -27"><span class='ocrx_word' id='word_1_225' title='bbox 298 3408 308 3414; x_wconf 46' lang='lat'>1</span> <span class='ocrx_word' id='word_1_226' title='bbox 354 3405 360 3413; x_wconf 94' lang='lat'>-</span> <span class='ocrx_word' id='word_1_227' title='bbox 413 3363 460 3436; x_wconf 89' lang='lat' dir='ltr'>V.</span> <span class='ocrx_word' id='word_1_228' title='bbox 486 3364 670 3463; x_wconf 89' lang='lat' dir='ltr'>Episcopi</span> <span class='ocrx_word' id='word_1_229' title='bbox 699 3368 818 3455; x_wconf 86' lang='lat' dir='ltr'>olim,</span> <span class='ocrx_word' id='word_1_230' title='bbox 848 3364 902 3438; x_wconf 93' lang='lat' dir='ltr'>uti</span> <span class='ocrx_word' id='word_1_231' title='bbox 920 3360 1190 3437; x_wconf 74' lang='lat' dir='ltr'>Ecclesiastico</span> <span class='ocrx_word' id='word_1_232' title='bbox 1216 3364 1359 3460; x_wconf 79' lang='lat' dir='ltr'>quaevis</span> <span class='ocrx_word' id='word_1_233' title='bbox 1383 3364 1535 3460; x_wconf 89' lang='lat' dir='ltr'>negotia</span> <span class='ocrx_word' id='word_1_234' title='bbox 1550 3373 1655 3440; x_wconf 88' lang='lat' dir='ltr'>trac&#39;·</span> <span class='ocrx_word' id='word_1_235' title='bbox 1693 3427 1696 3431; x_wconf 95' lang='lat'>.</span> 
     </span>
     <span class='ocr_line' id='line_1_30' title="bbox 352 3464 1655 3558; baseline 0 -17"><span class='ocrx_word' id='word_1_236' title='bbox 352 3477 467 3542; x_wconf 87' lang='lat' dir='ltr'>tare:</span> <span class='ocrx_word' id='word_1_237' title='bbox 495 3492 515 3540; x_wconf 89' lang='lat' dir='ltr'>s</span> <span class='ocrx_word' id='word_1_238' title='bbox 639 3469 691 3544; x_wconf 84' lang='lat' dir='ltr'>ib.</span> <span class='ocrx_word' id='word_1_239' title='bbox 704 3470 731 3544; x_wconf 92' lang='lat'><em>1</em></span> <span class='ocrx_word' id='word_1_240' title='bbox 753 3467 832 3543; x_wconf 84' lang='lat' dir='ltr'>Tit.</span> <span class='ocrx_word' id='word_1_241' title='bbox 850 3464 919 3558; x_wconf 91' lang='lat' dir='ltr'>V·</span> <span class='ocrx_word' id='word_1_242' title='bbox 954 3465 1008 3539; x_wconf 91' lang='lat' dir='ltr'>ita</span> <span class='ocrx_word' id='word_1_243' title='bbox 1047 3479 1086 3539; x_wconf 90' lang='lat' dir='ltr'>et</span> <span class='ocrx_word' id='word_1_244' title='bbox 1117 3464 1305 3539; x_wconf 85' lang='lat' dir='ltr'>Beneficia</span> <span class='ocrx_word' id='word_1_245' title='bbox 1338 3465 1513 3542; x_wconf 87' lang='lat' dir='ltr'>conferre</span> <span class='ocrx_word' id='word_1_246' title='bbox 1544 3481 1655 3542; x_wconf 85' lang='lat' dir='ltr'>veta·</span> 
     </span>
     <span class='ocr_line' id='line_1_31' title="bbox 360 3558 1655 3668; baseline 0 -25"><span class='ocrx_word' id='word_1_247' title='bbox 360 3566 500 3645; x_wconf 88' lang='lat' dir='ltr'>bantur</span> <span class='ocrx_word' id='word_1_248' title='bbox 530 3594 611 3647; x_wconf 86' lang='lat' dir='ltr'>stne</span> <span class='ocrx_word' id='word_1_249' title='bbox 637 3568 898 3668; x_wconf 87' lang='lat' dir='ltr'>Presbyterii,</span> <span class='ocrx_word' id='word_1_250' title='bbox 930 3568 992 3643; x_wconf 91' lang='lat' dir='ltr'>vel</span> <span class='ocrx_word' id='word_1_251' title='bbox 1021 3558 1155 3652; x_wconf 82' lang='lat' dir='ltr'>saltem</span> <span class='ocrx_word' id='word_1_252' title='bbox 1178 3566 1347 3663; x_wconf 89' lang='lat' dir='ltr'>Capituli</span> <span class='ocrx_word' id='word_1_253' title='bbox 1377 3591 1451 3643; x_wconf 84' lang='lat' dir='ltr'>suae</span> <span class='ocrx_word' id='word_1_254' title='bbox 1472 3568 1655 3645; x_wconf 81' lang='lat' dir='ltr'>Ecclesiae</span> 
     </span>
     <span class='ocr_line' id='line_1_32' title="bbox 354 3668 1654 3790; baseline -0.001 -44"><span class='ocrx_word' id='word_1_255' title='bbox 354 3671 563 3769; x_wconf 84' lang='lat' dir='ltr'>suffragio:</span> <span class='ocrx_word' id='word_1_256' title='bbox 594 3674 688 3768; x_wconf 84' lang='lat' dir='ltr'>Cap.</span> <span class='ocrx_word' id='word_1_257' title='bbox 718 3674 811 3767; x_wconf 86' lang='lat' dir='ltr'>4de</span> <span class='ocrx_word' id='word_1_258' title='bbox 826 3672 907 3745; x_wconf 88' lang='lat' dir='ltr'>His</span> <span class='ocrx_word' id='word_1_259' title='bbox 919 3694 1030 3769; x_wconf 82' lang='lat' dir='ltr'>,quae</span> <span class='ocrx_word' id='word_1_260' title='bbox 1045 3668 1144 3763; x_wconf 81' lang='lat' dir='ltr'>fiunt</span> <span class='ocrx_word' id='word_1_261' title='bbox 1174 3669 1338 3745; x_wconf 79' lang='lat' dir='ltr'>dPrael</span> <span class='ocrx_word' id='word_1_262' title='bbox 1353 3679 1430 3746; x_wconf 78' lang='lat' dir='ltr'>sine</span> <span class='ocrx_word' id='word_1_263' title='bbox 1449 3694 1546 3747; x_wconf 82' lang='lat' dir='ltr'>cons.</span> <span class='ocrx_word' id='word_1_264' title='bbox 1560 3671 1654 3790; x_wconf 77' lang='lat' dir='ltr'>Cap.</span> 
     </span>
     <span class='ocr_line' id='line_1_33' title="bbox 354 3765 1654 3892; baseline -0.002 -43.992"><span class='ocrx_word' id='word_1_265' title='bbox 354 3773 506 3848; x_wconf 88' lang='lat' dir='ltr'>Verum</span> <span class='ocrx_word' id='word_1_266' title='bbox 536 3775 675 3848; x_wconf 87' lang='lat' dir='ltr'>deinde</span> <span class='ocrx_word' id='word_1_267' title='bbox 698 3773 958 3871; x_wconf 81' lang='lat' dir='ltr'>antiquissima</span> <span class='ocrx_word' id='word_1_268' title='bbox 983 3775 1065 3847; x_wconf 80' lang='lat' dir='ltr'>haec</span> <span class='ocrx_word' id='word_1_269' title='bbox 1081 3772 1288 3892; x_wconf 83' lang='lat' dir='ltr'>Episcppi,</span> <span class='ocrx_word' id='word_1_270' title='bbox 1312 3788 1352 3847; x_wconf 89' lang='lat' dir='ltr'>et</span> <span class='ocrx_word' id='word_1_271' title='bbox 1368 3772 1538 3869; x_wconf 91' lang='lat' dir='ltr'>Capituli</span> <span class='ocrx_word' id='word_1_272' title='bbox 1569 3765 1654 3848; x_wconf 84' lang='lat' dir='ltr'>coti</span> 
     </span>
     <span class='ocr_line' id='line_1_34' title="bbox 280 3874 1657 3978; baseline -0.001 -28"><span class='ocrx_word' id='word_1_273' title='bbox 280 3886 284 3893; x_wconf 86' lang='lat'>&#39;</span> <span class='ocrx_word' id='word_1_274' title='bbox 353 3877 504 3971; x_wconf 88' lang='lat' dir='ltr'>J&#39;unctio</span> <span class='ocrx_word' id='word_1_275' title='bbox 527 3878 685 3952; x_wconf 88' lang='lat' dir='ltr'>discissa</span> <span class='ocrx_word' id='word_1_276' title='bbox 715 3891 801 3966; x_wconf 93' lang='lat' dir='ltr'>est,</span> <span class='ocrx_word' id='word_1_277' title='bbox 831 3892 870 3950; x_wconf 91' lang='lat' dir='ltr'>et</span> <span class='ocrx_word' id='word_1_278' title='bbox 902 3875 1057 3973; x_wconf 90' lang='lat' dir='ltr'>quidem</span> <span class='ocrx_word' id='word_1_279' title='bbox 1091 3898 1164 3948; x_wconf 91' lang='lat' dir='ltr'>non</span> <span class='ocrx_word' id='word_1_280' title='bbox 1183 3874 1263 3949; x_wconf 90' lang='lat' dir='ltr'>sine</span> <span class='ocrx_word' id='word_1_281' title='bbox 1280 3876 1569 3985; x_wconf 84' lang='lat' dir='ltr'>graviantiquae</span> <span class='ocrx_word' id='word_1_282' title='bbox 1587 3875 1657 3949; x_wconf 83' lang='lat' dir='ltr'>dis</span> 
     </span>
     <span class='ocr_line' id='line_1_35' title="bbox 353 3973 1664 4077; baseline 0.001 -23.004"><span class='ocrx_word' id='word_1_283' title='bbox 353 3980 525 4077; x_wconf 83' lang='lat' dir='ltr'>ciplinae</span> <span class='ocrx_word' id='word_1_284' title='bbox 543 3980 688 4055; x_wconf 87' lang='lat' dir='ltr'>inflicto</span> <span class='ocrx_word' id='word_1_285' title='bbox 714 3980 887 4055; x_wconf 89' lang='lat' dir='ltr'>vulnere.</span> <span class='ocrx_word' id='word_1_286' title='bbox 914 3981 1030 4067; x_wconf 83' lang='lat' dir='ltr'>Quae</span> <span class='ocrx_word' id='word_1_287' title='bbox 1027 3975 1155 4075; x_wconf 77' lang='lat' dir='ltr'>igitur</span> <span class='ocrx_word' id='word_1_288' title='bbox 1168 3973 1376 4073; x_wconf 85' lang='lat' dir='ltr'>Capitula.</span> <span class='ocrx_word' id='word_1_289' title='bbox 1386 3979 1514 4053; x_wconf 86' lang='lat' dir='ltr'>nostra</span> <span class='ocrx_word' id='word_1_290' title='bbox 1545 3986 1664 4057; x_wconf 85' lang='lat' dir='ltr'>aetate</span> 
     </span>
     <span class='ocr_line' id='line_1_36' title="bbox 353 4080 1656 4179; baseline 0 -22"><span class='ocrx_word' id='word_1_291' title='bbox 353 4080 549 4158; x_wconf 82' lang='lat' dir='ltr'>Beneficia</span> <span class='ocrx_word' id='word_1_292' title='bbox 566 4084 796 4170; x_wconf 87' lang='lat' dir='ltr'>conferunt,</span> <span class='ocrx_word' id='word_1_293' title='bbox 827 4084 900 4157; x_wconf 89' lang='lat' dir='ltr'>hac</span> <span class='ocrx_word' id='word_1_294' title='bbox 931 4080 1185 4178; x_wconf 72' lang='lat' dir='ltr'>prerogativa</span> <span class='ocrx_word' id='word_1_295' title='bbox 1214 4102 1289 4153; x_wconf 88' lang='lat' dir='ltr'>non</span> <span class='ocrx_word' id='word_1_296' title='bbox 1316 4081 1517 4179; x_wconf 84' lang='lat' dir='ltr'>generali,</span> <span class='ocrx_word' id='word_1_297' title='bbox 1547 4104 1656 4157; x_wconf 87' lang='lat' dir='ltr'>com·</span> 
     </span>
     <span class='ocr_line' id='line_1_37' title="bbox 354 4182 1656 4283; baseline 0.002 -23.012"><span class='ocrx_word' id='word_1_298' title='bbox 354 4186 570 4283; x_wconf 89' lang='lat' dir='ltr'>munique,</span> <span class='ocrx_word' id='word_1_299' title='bbox 599 4203 639 4261; x_wconf 91' lang='lat' dir='ltr'>at</span> <span class='ocrx_word' id='word_1_300' title='bbox 670 4182 828 4280; x_wconf 89' lang='lat' dir='ltr'>speciali</span> <span class='ocrx_word' id='word_1_301' title='bbox 854 4184 1078 4259; x_wconf 85' lang='lat' dir='ltr'>duntaxat</span> <span class='ocrx_word' id='word_1_302' title='bbox 1062 4204 1148 4275; x_wconf 92' lang='lat' dir='ltr'>ure</span> <span class='ocrx_word' id='word_1_303' title='bbox 1164 4182 1335 4256; x_wconf 79' lang='lat' dir='ltr'>fruuntur</span> <span class='ocrx_word' id='word_1_304' title='bbox 1353 4205 1508 4281; x_wconf 90' lang='lat' dir='ltr'>neque</span> <span class='ocrx_word' id='word_1_305' title='bbox 1525 4204 1656 4262; x_wconf 77' lang='lat' dir='ltr'>omma</span> 
     </span>
     <span class='ocr_line' id='line_1_38' title="bbox 356 4285 1657 4386; baseline 0.001 -25.004"><span class='ocrx_word' id='word_1_306' title='bbox 356 4291 531 4378; x_wconf 87' lang='lat' dir='ltr'>eodem,</span> <span class='ocrx_word' id='word_1_307' title='bbox 559 4291 714 4386; x_wconf 91' lang='lat' dir='ltr'>parique</span> <span class='ocrx_word' id='word_1_308' title='bbox 747 4289 890 4375; x_wconf 89' lang='lat' dir='ltr'>modo,</span> <span class='ocrx_word' id='word_1_309' title='bbox 922 4287 989 4359; x_wconf 90' lang='lat' dir='ltr'>sed</span> <span class='ocrx_word' id='word_1_310' title='bbox 1012 4285 1127 4359; x_wconf 90' lang='lat' dir='ltr'>vario</span> <span class='ocrx_word' id='word_1_311' title='bbox 1149 4308 1218 4381; x_wconf 89' lang='lat' dir='ltr'>pro</span> <span class='ocrx_word' id='word_1_312' title='bbox 1244 4285 1359 4360; x_wconf 90' lang='lat' dir='ltr'>variis</span> <span class='ocrx_word' id='word_1_313' title='bbox 1389 4286 1560 4360; x_wconf 88' lang='lat' dir='ltr'>locorum</span> <span class='ocrx_word' id='word_1_314' title='bbox 1579 4302 1657 4362; x_wconf 87' lang='lat' dir='ltr'>sta-</span> 
     </span>
     <span class='ocr_line' id='line_1_39' title="bbox 358 4385 1658 4489; baseline 0.001 -26"><span class='ocrx_word' id='word_1_315' title='bbox 358 4390 471 4480; x_wconf 89' lang='lat' dir='ltr'>tutis,</span> <span class='ocrx_word' id='word_1_316' title='bbox 489 4391 722 4489; x_wconf 83' lang='lat' dir='ltr'>privilegiis,</span> <span class='ocrx_word' id='word_1_317' title='bbox 745 4391 810 4464; x_wconf 93' lang='lat' dir='ltr'>vel</span> <span class='ocrx_word' id='word_1_318' title='bbox 833 4385 1190 4480; x_wconf 75' lang='lat' dir='ltr'>consuetudinibusJ</span> <span class='ocrx_word' id='word_1_319' title='bbox 1210 4387 1385 4476; x_wconf 89' lang='lat' dir='ltr'>scilicet,</span> <span class='ocrx_word' id='word_1_320' title='bbox 1403 4388 1464 4461; x_wconf 90' lang='lat' dir='ltr'>vel</span> <span class='ocrx_word' id='word_1_321' title='bbox 1482 4410 1658 4464; x_wconf 88' lang='lat' dir='ltr'>commu-</span> 
     </span>
     <span class='ocr_line' id='line_1_40' title="bbox 359 4490 1660 4674; baseline -0.002 -108"><span class='ocrx_word' id='word_1_322' title='bbox 359 4514 450 4571; x_wconf 87' lang='lat' dir='ltr'>nem</span> <span class='ocrx_word' id='word_1_323' title='bbox 481 4516 569 4569; x_wconf 86' lang='lat' dir='ltr'>cum</span> <span class='ocrx_word' id='word_1_324' title='bbox 584 4493 810 4593; x_wconf 80' lang='lat' dir='ltr'>Episcopis,</span> <span class='ocrx_word' id='word_1_325' title='bbox 823 4491 886 4570; x_wconf 90' lang='lat' dir='ltr'>vel</span> <span class='ocrx_word' id='word_1_326' title='bbox 900 4491 1155 4589; x_wconf 78' lang='lat' dir='ltr'>privatisam,</span> <span class='ocrx_word' id='word_1_327' title='bbox 1140 4504 1212 4674; x_wconf 53' lang='grc' dir='ltr'>Ὲιὲι</span> <span class='ocrx_word' id='word_1_328' title='bbox 1227 4492 1349 4585; x_wconf 87' lang='lat' dir='ltr'>ajunt,</span> <span class='ocrx_word' id='word_1_329' title='bbox 1365 4490 1446 4567; x_wconf 85' lang='lat' dir='ltr'>sine</span> <span class='ocrx_word' id='word_1_330' title='bbox 1462 4490 1542 4567; x_wconf 91' lang='lat' dir='ltr'>ullo</span> <span class='ocrx_word' id='word_1_331' title='bbox 1556 4491 1660 4588; x_wconf 87' lang='lat' dir='ltr'>Epis</span> 
     </span>
     <span class='ocr_line' id='line_1_41' title="bbox 1217 4614 1672 4672; baseline 0 -9"><span class='ocrx_word' id='word_1_332' title='bbox 1217 4615 1245 4672; x_wconf 63' lang='grc' dir='ltr'><strong>α</strong></span> <span class='ocrx_word' id='word_1_333' title='bbox 1598 4614 1672 4663; x_wconf 69' lang='lat' dir='ltr'>cu·</span> 
     </span>
    </p>
   </div>
   <div class='ocr_carea' id='block_1_3' title="bbox 0 0 2022 5275">
    <p class='ocr_par' dir='ltr' id='par_1_5' title="bbox 0 0 2022 5275">
     <span class='ocr_line' id='line_1_42' title="bbox 0 0 2022 5275; baseline 0 2"><span class='ocrx_word' id='word_1_334' title='bbox 0 0 2022 5275; x_wconf 95' lang='lat' dir='ltr'> </span> 
     </span>
    </p>
   </div>
  </div>
 </body>
</html>
