4034 5275
283 512 312 531 „
397 487 445 540 so
511 462 523 468 ”
720 463 1005 543 Institutionum
1033 463 1303 544 Canoniiaram

335 656 341 661 p
364 566 548 663 Episcopi
570 570 812 645 auctoritate.
836 569 885 644 Et
903 570 1058 670 quidem
1085 569 1267 669 Episcopi
1291 566 1514 669 plerumque
1533 592 1603 669 per
1622 594 1664 647 se

365 670 444 767 ipsi
473 668 704 765 baptismum
736 672 1013 753 conferebantt
1050 677 1151 749 unde
1181 676 1216 747 S.
1246 675 1408 751 Hieron:
1443 675 1480 747 in
1516 675 1612 770 Cap.
1638 698 1662 774 3

366 772 566 867 Sopboaiae
590 774 639 846 de
650 773 858 872 vEpiscopis
875 778 1087 876 generatim
1110 775 1266 854 scribit:
1283 777 1397 852 ‘Dant
1425 776 1664 872 baptismam,

361 876 637 949 caterbameaos
661 880 858 953 audiant:
891 877 971 983 (**)
998 896 1038 956 et
1065 879 1252 955 Martinus
1282 881 1435 957 Bracar.
1463 879 1584 975 Epist.
1611 882 1664 956 ad

354 977 489 1053 Bonis.
509 979 551 1054 P.
573 979 675 1074 apud
691 980 855 1080 Aguirte
876 983 989 1059 Tom.
1015 981 1428 1060 incarnationem.
1445 985 1494 1058 de
1513 983 1663 1078 Raptis·

365 1082 479 1156 matis
510 1082 817 1177 ministratione,
847 1089 954 1185 quasi
984 1087 1138 1184 propria
1167 1087 1447 1184 Episcoporum
1480 1087 1679 1184 loquitur,

362 1206 479 1281 quum
501 1186 575 1263 ait:
608 1185 711 1260 Nam
734 1202 775 1290 at
796 1210 863 1286 ego
886 1191 1082 1282 arbitror,
1108 1194 1169 1288 qui
1193 1191 1259 1265 boc
1283 1187 1390 1264 vobis
1419 1189 1539 1264 valuit
1564 1191 1664 1264 inti·

363 1309 489 1380 snare,
513 1299 689 1384 inaquam
717 1293 860 1366 vidisse
890 1295 1129 1389 baptizantes
1161 1291 1380 1390 Episcopus.
1403 1292 1455 1366 At
1483 1313 1560 1365 noo
1589 1293 1662 1366 de·

362 1407 473 1474 erant
489 1413 624 1481 oesus,
646 1393 781 1490 quibus
803 1397 994 1493 integrum
1014 1420 1097 1473 esse
1119 1395 1360 1491 Presbyteris
1373 1411 1520 1492 ,atque
1539 1393 1661 1472 etiam

364 1493 548 1571 Diaconis
568 1493 792 1591 baptisare,
819 1499 984 1573 maxime
1005 1522 1121 1598 quum
1145 1523 1220 1573 non
1253 1499 1404 1573 adesset
1430 1495 1661 1593 Episcopus,

361 1600 425 1693 qui
444 1601 763 1675 catechumenum
787 1603 902 1676 morti
921 1604 1136 1697 proximum
1155 1601 1397 1698 baptizaret,
1425 1603 1481 1674 uti
1503 1600 1660 1698 colligi·

290 1701 292 1705 ’
362 1713 423 1774 tur
448 1723 496 1774 ex
528 1701 671 1798 Synod.
707 1703 881 1778 llliberit.
903 1703 997 1781 Can.
1022 1725 1195 1794 curru,
1223 1705 1364 1802 alioqui
1392 1725 1513 1800 neque
1538 1703 1659 1780 etiam
1701 1791 1703 1794 Α

358 1799 602 1906 ¹Presbyteris
632 1805 686 1882 fas
713 1784 822 1895 erat}
844 1822 1030 1903 prasente
1063 1810 1259 1882 Antisrite
1288 1805 1472 1900 infantem
1497 1808 1659 1903 tingere,

362 1919 430 1979 art
454 1909 630 2001 signare:
661 1909 754 2004 Syn.
782 1911 931 2004 Hispal.
957 1913 991 1984 ll
1016 1909 1110 1988 Can.
1137 1933 1207 1986 ru.
1236 1905 1293 2012 (³⁸)
1449 2004 1452 2010 Ι

414 2011 464 2083 11.
491 2009 610 2099 Porro
625 2013 711 2104 jure
727 2035 829 2088 novo
847 2013 1007 2096 Parochi
1024 2015 1240 2089 animarum
1261 2036 1352 2087 cura
1375 2033 1463 2088 cnm
1483 2014 1567 2104 jore
1585 2013 1658 2088 ad·

365 2112 616 2188 ministrandi
630 2115 875 2193 Sacramenta
893 2117 1012 2191 semel
1035 2114 1097 2191 ab
1110 2115 1304 2212 Episcopo
1333 2129 1521 2209 accepta,
1542 2116 1656 2191 sicuti

362 2213 470 2289 illam
499 2215 801 2311 independenter
829 2216 879 2291 ab
916 2218 1143 2313 Episcopi),
1175 2234 1215 2291 et
1243 2217 1350 2314 quasi
1378 2220 1462 2310 jure
1498 2218 1660 2314 proprio

252 2362 256 2368 f
361 2333 568 2407 exercent,
591 2319 643 2394 ita
669 2337 849 2419 tanquam
870 2320 1056 2396 ordinarii
1079 2319 1241 2393 ministri
1264 2318 1495 2416 baptismum
1524 2321 1661 2396 confe-

360 2438 473 2497 tants
500 2423 618 2496 ceteri
645 2445 737 2498 vero
756 2421 1003 2521 Presbyteri,
1025 2446 1089 2502 aut
1119 2422 1281 2498 Diacooi
1302 2440 1410 2497 extra
1436 2445 1566 2498 casum
1587 2445 1659 2501 ne-

251 2614 254 2617 ’
359 2524 547 2600 cessitatis
583 2523 780 2622 baptizare
808 2543 1011 2616 vetantur,
1044 2527 1297 2620 nisipetita,
1324 2541 1365 2600 et
1395 2526 1602 2621 impetrata
1634 2527 1659 2601 i

360 2627 552 2720 Parocbo,
571 2629 633 2707 vel
654 2627 703 2704 ab
722 2629 916 2727 Episcopo
933 2629 1126 2705 facultate.
1143 2630 1206 2702 Ad
1226 2630 1417 2704 Diaconos
1432 2629 1534 2728 quod
1549 2652 1657 2725 spec·

320 2778 327 2789 κ
359 2746 417 2809 tat
434 2734 600 2829 speciale
617 2734 707 2830 quid
729 2736 917 2807 sancitum
944 2735 1134 2829 reperitur
1156 2731 1181 2805 a
1202 2730 1359 2807 Gelasio
1383 2733 1425 2805 P.
1455 2730 1548 2807 Can.
1581 2753 1659 2805 aris

350 2834 472 2911 Diri.
489 2859 565 2935 93,
582 2836 756 2928 scilicet,
773 2851 814 2911 at
831 2834 966 2934 absque
985 2835 1187 2930 Episcopo,
1205 2834 1269 2908 oei
1288 2833 1508 2924 Presbytero
1528 2834 1657 2929 bapti·

357 2958 451 3013 aare
470 2965 536 3015 non
558 2940 743 3027 audeant,
764 2942 840 3013 nisi
857 2938 1058 3033 predictis
1074 2939 1264 3032 fortassis
1295 2936 1488 3012 ordinibus
1513 2938 1660 3033 longius

360 3046 575 3118 constitutis
601 3046 806 3131 aetessitas
834 3061 998 3117 extrema
1030 3041 1238 3135 compellat.
1268 3040 1383 3115 Unde
1412 3041 1511 3113 inter
1544 3041 1659 3116 Pres-

363 3140 572 3241 byterum,
600 3162 638 3220 et
656 3139 875 3240 ‘Diaconum
903 3146 1000 3230 illud
1032 3160 1242 3241 agnoscunt
1263 3143 1499 3224 discriminis
1524 3142 1658 3219 Cano-

365 3249 499 3339 nistae,
524 3252 626 3349 quod
649 3248 879 3346 Presbytero
903 3245 1023 3344 possit
1047 3271 1116 3342 pro
1139 3246 1266 3320 lubito·
1283 3247 1475 3320 Pa'rocbus
1505 3243 1657 3340 baptis·

365 3353 418 3425 mi
447 3354 694 3428 ministerium
717 3352 988 3443 committere,
1005 3351 1189 3427 Diacono
1214 3371 1307 3426 vero
1330 3349 1482 3425 nonnisi
1505 3346 1570 3422 ubi
1598 3351 1659 3424 le-

364 3455 505 3554 gitime
529 3458 739 3552 impeditos
762 3456 886 3529 fuerit.
1267 3459 1270 3465 '
1362 3461 1370 3470 '
1605 3487 1608 3491 ·
1686 3540 1688 3543 Α

416 3560 484 3633 ill.
511 3560 750 3634 Necessitate
767 3573 926 3655 urgente
944 3580 1021 3631 noo
1039 3558 1156 3631 modo
1177 3555 1321 3631 Clerici
1338 3535 1662 3733 inferiores&

364 3683 448 3735 rum
466 3678 505 3737 et
523 3663 615 3737 laici
629 3663 842 3761 quicunque
865 3662 1075 3757 privatim,
1102 3678 1140 3736 et
1163 3661 1244 3734 sine
1261 3656 1506 3735 coeremoniis
1533 3654 1610 3753 bap
1634 3659 1638 3665 ’

291 3814 294 3819 -
364 3768 630 3862 zaietpossubt
644 3766 843 3840 :'Tertull.
860 3766 903 3838 de
927 3766 1129 3859 Baptistae
1147 3770 1222 3864 1'7,
1245 3763 1465 3837 Hieron.·in
1490 3756 1659 3858 Dialaga

362 3884 494 3944 cont-ra
508 3867 782 3962 erstferianos.
801 3864 881 3969 (**)
899 3868 990 3965 Syn.
1007 3867 1162 3967 quidem
1184 3863 1359 3940 Illiberit.
1375 3864 1469 3940 Can.
1486 3873 1658 3938 ruram

364 3972 540 4046 decr-evit
562 3991 671 4067 posse
693 3972 867 4067 fidelem,
897 3975 959 4067 qai
992 3974 1184 4046 lavacrum
1213 3991 1313 4041 saum
1339 3970 1521 4063 integram
1553 3961 1658 4067 (boc

297 4135 301 4141 .
363 4090 421 4149 est
439 4071 619 4150 balneum
638 4076 733 4153 satis,
746 4092 877 4171 aptum
895 4076 945 4149 ad
964 4072 1267 4170 baptizandum,
1293 4094 1368 4145 non
1387 4065 1658 4172 confractum)

363 4176 503 4269 habet,
528 4203 591 4252 aec
611 4173 666 4252 sit
683 4182 851 4275 bigamas
876 4172 967 4278 (vel
992 4177 1118 4273 potius
1138 4176 1211 4249 etsi
1235 4173 1282 4247 sit
1305 4168 1508 4273 bigamus)
1530 4175 1659 4268 bapti·

360 4304 451 4357 aare
472 4289 517 4357 ia
530 4287 758 4379 necessitate
769 4280 1007 4374 infirmitatis
1028 4284 1189 4377 positam
1215 4278 1513 4353 catechumenum.
1537 4276 1656 4365 Quod

363 4386 520 4483 quidem
538 4383 809 4482 posterioribus
832 4385 978 4459 saeculis
1003 4406 1153 4480 semper
1173 4379 1364 4469 obtinuit,
1381 4395 1420 4456 et
1437 4393 1569 4474 aperte
1587 4381 1657 4455 do·

363 4504 427 4566 eet
453 4489 548 4590 Syn.
570 4490 696 4567 Tolet.
716 4512 789 4574 an.
818 4510 915 4588 1323
936 4488 1050 4589 praei.
1074 4485 1180 4585 Cap..
1194 4484 1291 4560 XV:
1320 4486 1370 4560 Si
1392 4496 1546 4582 partam
1569 4505 1658 4657 ppa-

359 4633 365 4646 .
1594 4610 1657 4661 m.
