4034 5275
451 499 453 504 .
660 454 662 458 ·
754 414 872 499 Liber
888 410 952 494 II.
968 410 1120 492 Titulus
1134 409 1274 491 XIII.
1551 440 1622 518 125

358 541 361 545 ·
415 543 444 621 4
466 522 608 616 Vana,
631 544 678 600 ac
705 524 844 622 potiori
860 525 947 616 jure
974 519 1163 616 profana,
1192 535 1232 594 et
1260 516 1365 597 foedi
1382 516 1600 622 colloquia,
1615 548 1663 603 ac

363 627 548 727 quaelibet
567 625 919 706 confabulationes:¹
932 622 1025 699 ibid.

357 783 361 789 -
421 752 448 823 5.
472 730 695 820 Convivia,
726 728 957 817 comoediae,
990 724 1071 801 ludi
1093 725 1324 818 theatrales,
1339 728 1510 818 choreae,
1525 746 1662 807 cantus

363 831 523 925 lascivi,
539 848 578 908 et
595 855 826 932 quaecunque
840 830 937 919 alia,
952 851 1034 928 quae
1048 830 1111 902 vel
1124 828 1297 903 divinum
1312 829 1465 906 turbent
1478 833 1660 925 officium,

364 937 430 1010 vel
444 938 576 1011 oculos
598 937 740 1011 divinae
755 932 969 1029 Majestatis
985 929 1206 1020 offendant,
1228 927 1311 1035 (**)
1327 949 1366 1008 et
1383 934 1662 1013 deambulatio·

363 1059 433 1113 nes
450 1041 640 1136 praecipue
658 1041 748 1113 dum
763 1041 968 1115 Missarum
986 1033 1188 1108 sollemnia
1204 1052 1453 1134 peraguntur:
1469 1035 1524 1138 (*)
1551 1039 1659 1114 Trid.

364 1139 473 1217 Serr.
488 1163 606 1218 mr
620 1143 736 1219 Decr.
754 1141 798 1216 de
809 1136 1073 1227 observarem,
1087 1150 1125 1212 et
1139 1138 1328 1213 evitandis
1344 1143 1381 1212 in
1394 1140 1527 1216 celebr.
1535 1141 1655 1217 Mirr.

355 1237 1053 1344 (**)syn.Va1ent.SessmrrtJV
1079 1238 1223 1334 cap.V
1233 1294 1245 1329 ‚
1273 1239 1443 1338 Compil.
1459 1245 1518 1343 J0.
1542 1245 1661 1320 Teres

363 1344 452 1436 Lib,
466 1346 538 1422 111
546 1345 675 1420 Tim(
678 1346 721 1418 X
724 1347 766 1420 X
769 1350 795 1422 I
814 1364 897 1440 cap.
916 1365 957 1416 11
977 1397 989 1431 ‚
1021 1356 1060 1415 et
1075 1341 1168 1434 Syn.
1181 1342 1305 1419 Tolet.
1323 1366 1414 1418 mox
1437 1345 1539 1420 laud.
1557 1347 1659 1440 locu,

363 1445 501 1544 quibus
518 1450 619 1523 adde
636 1449 730 1546 Leg.
747 1446 861 1524 [Tit.
876 1446 923 1521 Il
935 1443 1060 1520 LibJ
1072 1443 1198 1520 Novae
1211 1443 1410 1547 Recop.(*)

414 1545 537 1653 (**)6
566 1552 733 1626 Demurn
764 1550 957 1649 Imagines
985 1544 1176 1636 ridiculo,
1208 1551 1497 1644 superstitum,
1532 1566 1572 1626 et
1598 1553 1661 1626 iu·

348 1649 524 1753 ¹honesto
555 1653 719 1742 habitu,
748 1652 959 1750 praesertim
979 1649 1156 1745 Deiparae
1176 1648 1377 1748 Virginis,⁸
1408 1656 1559 1752 ejusque
1586 1657 1660 1731 Di·

317 1823 323 1833 .
360 1753 442 1828 vini
466 1757 575 1852 pueri
594 1757 727 1856 Jews,
752 1756 878 1830 Sanct.
895 1753 1161 1851 Angelorum,
1187 1751 1223 1825 S.
1243 1755 1380 1830 Mariae
1402 1757 1659 1855 Magdalrnae‚

356 1871 397 1930 et
421 1859 458 1930 S.
479 1857 693 1934 Sebastiani
715 1857 791 1934 διε.
825 1858 982 1932 minime
1016 1854 1295 1952 depingendae‚
1329 1881 1401 1933 nec
1435 1860 1473 1932 iu
1503 1863 1659 1958 templis

359 1957 524 2052 publicae
549 1962 720 2035 fidelium
746 1958 985 2035 venerationi
1009 1960 1277 2051 exponendae,
1311 1982 1432 2057 neque
1464 1963 1550 2035 ullae
1584 1986 1659 2036 un-

358 2082 474 2157 quam
505 2062 587 2136 siue
606 2062 810 2138 rOrdirrarii
841 2061 1024 2137 licentia:
1055 2058 1164 2132 Trid.
1196 2065 1305 2135 Sesr.
1333 2084 1439 2136 ms
1462 2063 1593 2139 Deum·
1612 2066 1659 2141 de

357 2160 525 2239 inuocat.
541 2164 625 2245 Su.
653 2165 738 2256 Qua
765 2169 815 2240 de
840 2186 883 2239 re
904 2163 996 2260 Syn.
1015 2159 1217 2255 Compost.
1237 2163 1335 2238 Art.
1348 2162 1373 2236 l
1376 2162 1402 2236 I
1417 2163 1570 2260 Decus
1603 2169 1657 2244 ita

357 2268 576 2340 constituitr
606 2266 813 2343 Surrarum
831 2267 1035 2362 Imaginum
1052 2265 1255 2360 legitimum
1278 2290 1379 2346 urum
1400 2271 1456 2342 sic
1475 2269 1512 2341 E
1511 2275 1663 2367 piscrpi-

358 2365 556 2442 observari
578 2373 828 2464 praecipiant,
856 2384 899 2444 ut
927 2389 1000 2460 ea«,
1032 2392 1113 2462 quir
1135 2373 1324 2444 iri-Sacro
1340 2368 1556 2448 Tridentino
1572 2373 1659 2450 Gon·

355 2464 446 2542 cilio
471 2475 561 2564 pie,
588 2485 628 2544 et
649 2486 777 2545 sancte
797 2470 1125 2564 proec'epraasunr,
1144 2472 1414 2546 custodiantur.
1446 2475 1577 2572 Quare
1593 2478 1656 2551 his

353 2583 501 2646 tantum
529 2573 777 2663 velaminum,
811 2592 857 2645 ac
882 2572 1047 2645 uestium
1064 2585 1221 2645 ornatur
1239 2572 1468 2670 Imaginibus·
1494 2579 1656 2674 adpona-

354 2687 444 2765 ταν,
472 2679 535 2771 qui
569 2674 618 2751 ab
630 2673 848 2771 Episcopo,
878 2673 947 2751 vei
968 2670 1100 2773 ejusV
1098 2675 1217 2750 icario
1237 2683 1371 2766 visus,
1398 2692 1436 2751 et
1466 2680 1655 2775 adproba-

350 2789 422 2852 tus
446 2776 588 2870 fuerit.
620 2780 744 2853 lrnnro
777 2799 899 2876 neque
939 2773 1087 2872 absque.
1118 2775 1235 2872 ipsius
1265 2777 1461 2855 Ordinarii
1500 2784 1656 2868 licentia

352 2875 631 2955 'miraculorum
650 2899 749 2955 notae
767 2880 817 2956 ad
836 2881 969 2955 Altare
989 2880 1119 2974 palam
1143 2881 1407 2975 adpendendae
1428 2902 1532 2961 suut:
1547 2888 1655 2965 Trid.

349 2978 603 3084 ibid.Verum
621 2986 695 3059 hoc
711 2984 973 3058 desideramus
989 2978 1265 3087 observari.(*)
1637 3031 1639 3036 ·

761 3291 764 3298 ἱ
816 3186 900 3300 ΙΒε
917 3184 1016 3283 Jure
1032 3145 1165 3279 Arrii.
1255 3149 1258 3154 Ι

351 3445 381 3454 -·
408 3391 475 3467 tv.
504 3394 609 3470 Inter
643 3395 855 3493 praecipuas
871 3390 1057 3467 Ecclesiae
1088 3401 1182 3479 imnis
1204 3396 1417 3474 materialis
1440 3408 1657 3504 praerogati·

356 3514 425 3568 vas
455 3475 523 3572 ill‘a
543 3521 694 3595 semper
720 3500 852 3574 habita
884 3514 970 3590 est,
1002 3518 1084 3593 quae
1105 3517 1252 3572 sacrum
1275 3503 1506 3601 perfugium,
1537 3514 1654 3587 immr-

354 3600 467 3700 nitar·
487 3623 587 3683 vamur
616 3603 774 3690 uocaui,
821 3618 859 3675 et
900 3598 1107 3697 vulgatiori
1131 3601 1319 3678 vocabulo
1342 3606 1409 3705 jus
1426 3613 1544 3700 Asyli
1576 3616 1654 3690 dici

350 3704 566 3777 consueuit.
601 3703 873 3800 lpsa··.qutdem
902 3717 1037 3784 natura
1070 3703 1185 3776 suasit
1210 3705 1384 3802 gentibus
1400 3712 1679 3807 Templorum·

349 3807 638 3894 reverentiam,
670 3805 741 3879 cui·
763 3805 846 3901 ipsa
867 3803 1129 3878 Ecclesiarurn
1162 3806 1382 3883 immunitas
1418 3814 1545 3891 innixa
1581 3835 1651 3893 est:

352 3925 470 4000 porro
490 3910 598 4003 hujus
620 3910 787 3997 limites,
818 3908 899 3982 sive
928 3908 1219 4005 circumscripta
1251 3913 1416 3988 confinia
1448 3942 1517 4015 pru
1536 3926 1652 4000 variis

353 4020 570 4104 temporum
588 4068 600 4102 ‚
617 4035 676 4087 ·ac
706 4015 876 4087 locorum
908 4026 1072 4100 mquam
1096 4016 1382 4090 circunstanriir
1402 4024 1505 4096 varia
1533 4027 1650 4104 itere.

354 4108 496 4185 Eorum
529 4139 622 4191 vero
653 4116 899 4212 originemsi
916 4128 1094 4212 -quaeras3
1121 4118 1170 4189 ad
1197 4118 1278 4211 ipsa
1292 4117 1535 4198 Constantini
1555 4147 1650 4204 tem·

355 4227 457 4309 pora·
484 4222 754 4294 recurrendum
784 4232 853 4293 est.
884 4218 1080 4315 Quamvis·
1102 4220 1205 4291 euim
1241 4222 1386 4317 prima,
1407 4251 1488 4323 quae
1507 4232 1580 4303 hac
1598 4236 1649 4309 de

353 4337 396 4389 re
417 4323 583 4395 occurrit
601 4322 812 4419 imperialis
848 4322 995 4395 sanctio
1026 4322 1089 4395 sit.
1106 4322 1172 4396 itta
1187 4322 1536 4426 Theodosiilegi
1556 4333 1649 4410 Cori.

323 4495 328 4504 ,
352 4417 486 4500 Theou.
514 4424 558 4498 de
574 4425 674 4515 Hir,
702 4433 763 4524 qui
784 4425 835 4498 ad
848 4425 995 4499 Ercles.
1014 4441 1142 4500 tamen
1165 4448 1282 4521 quum
1312 4429 1351 4501 in
1380 4432 1454 4505 hac
1472 4437 1644 4529 impera-

1133 4528 1203 4622 Qr
1568 4552 1643 4633 tor,
