4034 5275
770 475 888 555 Liber
923 480 982 556 II.
1003 475 1165 557 ‘tientes
1194 475 1253 554 H.
1279 479 1283 486 ’
1549 553 1552 558 ,

382 582 479 666 latio
501 586 668 665 maximo
689 606 842 681 semper
863 599 920 659 est
944 582 1173 658 discrimini.
1201 583 1348 659 Adhaec
1369 585 1527 662 adnotat
1541 586 1664 688 Espe-

381 694 466 768 uios
490 692 532 765 P.
560 690 611 763 tt
621 688 700 764 Tit.
729 687 755 761 I
778 709 859 782 cop.
885 711 906 785 3
938 712 972 760 n.
1009 707 1055 781 19
1082 687 1318 782 parochialia
1345 688 1557 778 hujusmodi
1580 698 1666 786 jura

381 796 507 871 videri
528 797 566 866 in
583 794 696 867 locum
713 793 930 866 decimarum
942 790 1192 884 personalium
1209 787 1223 890 (
1239 814 1320 886 qnae
1337 791 1478 891 dejure
1495 806 1667 876 cotnmnni

383 898 587 984 debentur,
608 911 655 968 et·
671 894 779 968 hodie.
791 900 930 989 passim
952 903 990 966 in
1011 891 1277 967 desuetudinem
1301 891 1499 996 abierunt)
1523 923 1667 978 sncces-

367 997 507 1092 sisse',
530 1014 573 1071 nt
601 1000 719 1071 sicuti
744 999 838 1072 laici
861 1022 901 1071 eo
928 997 1043 1085 titnlo
1074 993 1254 1070 debebant
1284 997 1328 1072 de
1357 1001 1451 1072 ornni
1478 1022 1546 1072 sun
1566 1003 1667 1083 lucro

378 1103 542 1178 decimas
564 1101 655 1178 dare
679 1100 975 1187 Sacerdotibus,
1004 1102 1065 1172 ita
1081 1103 1163 1174 vice
1179 1100 1329 1174 illorum
1346 1101 1497 1177 solvant
1504 1107 1598 1208 jura
1616 1112 1667 1183 il·

378 1203 420 1280 ln
436 1208 500 1282 vel
512 1204 795 1292 attentendum
810 1207 1081 1278 matrimonium
1089 1206 1230 1292 ineunt,
1245 1203 1309 1280 vel
1318 1218 1407 1298 post
1423 1223 1572 1281 mortem
1584 1209 1666 1287 dum

380 1309 619 1406 sepeliuntir.
638 1304 719 1408 (**)
745 1310 887 1382 Verum
909 1307 1108 1380 sicutnon
1135 1322 1311 1381 vetantur
1343 1307 1505 1382 Parochi
1527 1310 1551 1383 a
1566 1315 1665 1408 jure,

379 1411 444 1487 vel
469 1412 738 1487 consuetudine
757 1426 904 1485 taxatas
922 1411 1189 1503 eleemosynas
1212 1410 1417 1505 accipere,
1439 1411 1490 1486 ita
1508 1436 1665 1495 omnem

376 1513 520 1613 alioqui
541 1514 762 1590 ambitionis
779 1529 911 1587 notam
933 1513 957 1584 a
973 1534 1013 1587 se
1031 1510 1213 1610 ablegare
1229 1510 1403 1605 debent,
1426 1517 1523 1589 nesi
1546 1517 1583 1596 in
1602 1546 1664 1597 an.

376 1621 510 1714 gendis
540 1617 780 1692 oblationum
812 1615 973 1690 medulis
1001 1616 1190 1708 ingeniosi
1215 1615 1318 1712 sint,
1347 1616 1576 1710 cupiditati,
1602 1626 1665 1699 vel

374 1722 635 1816 superstitioni
657 1722 810 1815 potius,
834 1742 947 1817 quam
978 1716 1174 1814 Religioni
1200 1719 1328 1792 lavere
1354 1719 1553 1796 videantur
1582 1727 1665 1804 Un-

371 1823 420 1896 de
446 1825 591 1919 Synod.
612 1823 721 1896 Trid.
751 1824 861 1897 Sese.
885 1842 980 1894 ear
1000 1819 1156 1896 Decret.
1184 1823 1228 1920 de
1258 1823 1426 1895 inuocat.
1451 1838 1663 1906 etvenerut.

369 1924 510 2001 Sarrct.
526 1926 750 2016 constituit,
773 1926 875 2023 quod
891 1930 929 1998 iri
948 1927 1170 1999 Sanctorum
1189 1926 1448 2016 invocati0ne‚
1468 1925 1664 2029 Reliquia-

366 2047 447 2100 runr
463 2031 718 2116 ueneratione,
731 2043 771 2101 et
788 2029 993 2120 Imaginem
1013 2050 1121 2102 sacro
1136 2052 1252 2114 usu...
1267 2031 1390 2101 omnis
1400 2035 1526 2124 turpis
1540 2060 1671 2131 quaes„

369 2143 435 2203 tur
453 2131 676 2203 eliminetur.
699 2129 749 2201 Et
765 2130 858 2222 Syn.
875 2129 1032 2202 Valent.
1050 2127 1144 2200 sess.
1160 2129 1212 2201 lV
1237 2130 1313 2202 Tit.
1331 2131 1381 2203 ΙΙΙ
1406 2136 1540 2227 cap-‚8
1561 2140 1664 2214 alins

375 2257 448 2306 10:
470 2232 587 2306 Sacri
603 2228 814 2305 Tridentini
836 2227 997 2302 Consilii
1019 2227 1168 2303 decreto
1193 2231 1372 2306 insistens
1394 2240 1576 2331 precipit
1594 2238 1662 2316 snb

367 2335 716 2408 excomunicationis
741 2352 879 2427 prena,
901 2341 947 2405 'ne
976 2334 1014 2405 in
1045 2330 1234 2428 Templis,
1264 2342 1377 2409 etiarn
1407 2337 1662 2425 Monosteriir

367 2438 555 2531 Reliqniae
574 2435 796 2529 Sanctorum
815 2448 929 2508 extra
957 2437 1077 2528 ipsum
1092 2437 1235 2511 Altnre
1253 2439 1455 2514 educantur
1481 2447 1521 2514 in
1545 2446 1661 2521 larem

368 2537 434 2611 ubi
451 2541 502 2612 ael
526 2551 705 2633 quaestum
726 2539 862 2632 populo
886 2541 964 2610 sint
987 2541 1208 2631 propositae.
1224 2540 1335 2639 ,anrl
1356 2546 1392 2614 si
1411 2544 1531 2639 aliqni
1547 2558 1662 2626 etiem
1688 2634 1693 2642 ‚

367 2640 588 2738 Regulares
601 2640 809 2716 devotionis
826 2644 961 2736 gratia
983 2663 1051 2714 ens
1073 2640 1126 2713 ad
1144 2640 1305 2735 infirnus
1322 2642 1550 2738 detulerint,
1569 2651 1662 2748 qnod

356 2743 499 2837 facere
525 2770 593 2820 non
624 2742 757 2817 debent
780 2747 856 2819 nisi
879 2747 1011 2819 vocati
1023 2797 1038 2833 ‚
1065 2745 1165 2819 nihil
1192 2748 1249 2819 eir
1273 2745 1395 2854 dare,
1423 2772 1533 2843 neque
1563 2755 1659 2849 ipsis

364 2846 411 2920 ob
432 2849 474 2921 id
486 2902 509 2941 r,
519 2848 657 2920 intuitu
674 2850 789 2920 etiarn
804 2848 1061 2938 eleemosyna,
1078 2848 1225 2944 aliquid
1238 2852 1428 2947 recipere,
1451 2852 1659 2937 subeuntem

363 2951 743 3027 excommunicationis
763 2972 871 3049 poena
896 2950 1026 3027 licent.
1052 2944 1111 3051 (*)

706 3207 1273 3302 Ιτιτυιυειιι.

645 3465 710 3543 De
740 3465 968 3566 Baptismo‚
999 3485 1040 3544 et
1072 3437 1395 3562 Conflrrnatione..
1432 3532 1436 3537 .
1653 3552 1656 3559 Ι

372 3773 402 3847 l.
418 3717 830 3876 (**)'Sacramentum
847 3778 1060 3874 Baptismi‚
1080 3779 1184 3877 quod
1204 3780 1242 3853 in
1260 3782 1459 3879 originalis
1483 3792 1656 3865 macule-

353 3879 616 3973 expiationem
649 3880 864 3959 institutum
899 3885 985 3970 est,
1017 3885 1171 3975 primam
1204 3899 1244 3958 et
1266 3882 1544 3977 fundamentum
1570 3917 1681 3966 oms.

350 3983 447 4055 niune
482 4003 589 4055 rnnvae
617 3981 734 4079 Legis
766 3988 1093 4061 Sacramenrornm
1130 4000 1279 4060 constat
1313 4011 1420 4077 esse,
1450 4005 1492 4065 ut
1524 3994 1566 4086 in·
1591 4000 1645 4074 uit
1680 4064 1682 4068 .

350 4082 518 4181 Joannes
544 4086 726 4182 Arcbiep.
755 4087 879 4161 Tolet.
905 4089 943 4161 in
978 4087 1124 4182 Synodi
1146 4112 1208 4162 ao.
1236 4089 1444 4189 1323'Cap.
1467 4095 1565 4171 XV.
1588 4097 1653 4204 (*)
1721 4149 1725 4156 -

351 4186 444 4280 Jure
466 4188 623 4284 antiquo
646 4190 860 4263 ordinarius
891 4189 1078 4285 Baptismi
1097 4191 1274 4264 Minister
1301 4192 1338 4267 in
1366 4197 1498 4289 primis
1520 4200 1657 4280 lrabe4⁴

349 4286 465 4363 batur
483 4288 719 4386 Episcopus:
745 4294 846 4367 unde
863 4292 1024 4367 Tertull.
1041 4296 1088 4367 de
1107 4282 1302 4388 Baptismo
1320 4295 1418 4393 Cap.
1440 4304 1514 4391 163
1535 4302 1660 4378 Dan.

349 4390 391 4464 di
413 4391 605 4486 Baptismi
615 4394 687 4493 jur
712 4394 852 4484 habet,
874 4396 1024 4495 inquit,¹
1044 4397 1225 4470 ¹-Srtrnrnus
1252 4396 1440 4476 Sacerdos
1453 4457 1479 4494 ,Η
1494 4408 1556 4496 qni
1583 4425 1657 4482 estr

347 4493 590 4592 Episcopus,
612 4497 748 4584 ¹dehine
769 4497 1027 4595 Presbyteri,
1052 4514 1092 4577 et
1116 4496 1309 4598 Diuersi,
1327 4526 1408 4579 non,
1421 4503 1542 4578 tannen
1564 4514 1656 4581 siner

1517 4606 1635 4701 Epis·
