4034 5275
617 568 620 573 ,
757 477 874 562 Liber
903 479 964 558 ΙῙ.
990 477 1140 559 Titulus
1164 479 1258 555 XX.
1559 501 1632 575 205

368 580 423 673 rit.
439 582 696 677 consuetud03
723 585 762 659 in
787 586 1010 662 Patronatus
1027 607 1119 660 vero
1143 579 1383 680 particularis
1401 580 1569 678 ipsorum
1589 584 1657 661 Pa·

346 700 570 764 nouorum
602 710 806 764 consensus
838 689 954 764 etiam
985 688 1232 786 exquiratur3
1266 685 1469 785 quocirca
1501 687 1542 760 hi
1570 708 1657 762 mo·

367 789 486 862 nendi
511 808 621 867 erunt
643 800 711 888 per
737 792 995 867 litteras‘cum
1021 789 1254 886 peremtoria
1280 791 1440 864 duorum
1467 790 1654 865 mensium

358 891 563 982 ¹termino,
590 915 665 991 quo
688 895 846 991 elapso,
871 895 909 968 si·
931 893 1219 980 consenserint,
1251 895 1313 966 vei
1339 891 1549 980 tacuerint,
1579 894 1653 968 nisi

360 991 509 1091 ¹alioqui
530 1017 662 1070 causas
679 999 771 1088 justi
798 997 1042 1092 praestiterint
1066 995 1284 1085 dissensus,
1309 996 1360 1070 ad
1380 995 1652 1092 perficiendam

364 1095 548 1191 unionem
575 1101 818 1194 procedatur.

412 1215 434 1290 ς
464 1199 508 1272 Id
537 1213 667 1276 tamen
696 1225 772 1276 non
796 1202 1051 1277 omittendum
1080 1200 1202 1290 voluit
1225 1199 1308 1296 ipse
1336 1199 1649 1296 supa-Camenae

358 1294 546 1391 Senatus,
570 1304 673 1399 quod
697 1302 911 1402 Episcopus
936 1305 990 1380 ita
1012 1301 1228 1401 probandas
1257 1319 1364 1377 curet
1387 1303 1536 1379 unionis
1557 1327 1651 1378 cau·

361 1417 445 1489 tas,
475 1419 516 1478 ut
537 1406 587 1478 ad
615 1427 701 1480 eam
723 1409 981 1504 peragendam
1005 1406 1235 1481 sufficientes
1255 1405 1368 1479 fuisse
1391 1420 1568 1495 constet,
1600 1427 1648 1482 ne
1698 1425 1716 1436 ·’

357 1503 408 1578 nd
429 1504 906 1584 iteratamsseneficiorum
935 1509 1163 1584 divisionem
1188 1507 1421 1605 relinquatur
1448 1508 1569 1581 locus.

410 1605 437 1681 6
464 1608 630 1683 Demum
647 1608 830 1707 Episcopi
853 1613 1037 1704 majorem
1054 1612 1166 1686 solita
1188 1611 1420 1685 constituant
1437 1631 1647 1708 congruam

303 1710 342 1758 *⁵
357 1711 565 1785 secundum
593 1735 837 1790 communem
861 1735 986 1790 rerum
1016 1715 1066 1788 ad
1092 1715 1236 1787 victum
1262 1712 1538 1800 emendarum,
1562 1735 1645 1811 quae
1690 1731 1693 1736 ·

351 1809 434 1907 jam
458 1812 523 1886 diu
540 1815 738 1906 excrevit,
764 1816 805 1900 in
828 1839 1053 1916 unoquoque
1073 1817 1161 1892 loco
1185 1815 1489 1890 aestimationem.
1512 1811 1568 1917 (*)

358 1974 378 1991 .,
407 1914 508 1989 xlss.
535 1914 652 1992 Sicuti
674 1917 950 1995 Beneficiorum
966 1920 1131 1994 adnexio
1153 1919 1311 2005 odiosa,
1344 1918 1395 1992 ita
1414 1939 1547 1992 eorum
1572 1940 1640 1993 se···

352 2013 501 2106 iunctio
517 2018 738 2122 fauorabilis
754 2022 794 2094 in
806 2021 891 2113 jure
910 2037 1039 2095 nostro
1055 2035 1265 2117 reputatur.
1282 2017 1544 2114 Quamobrem
1562 2043 1644 2095 ces·

356 2134 465 2194 sante
494 2120 667 2218 legitima
696 2123 845 2198 unionis
875 2123 1160 2207 Beneficiorum¹
1183 2144 1325 2213 causa,
1352 2121 1448 2194 nihil
1475 2123 1644 2216 impedi·

353 2222 582 2312 mentiest,
604 2246 769 2302 curnon
793 2227 922 2302 statim
944 2227 1237 2324 disjungantur,
1257 2235 1296 2298 et
1327 2223 1481 2322 quidem
1505 2246 1644 2301 eorun-

354 2321 471 2413 dem,
497 2325 520 2400 d
541 2327 675 2425 quibus
701 2329 804 2404 unita
828 2331 1004 2419 fuerant,
1032 2327 1287 2416 auctoritate,
1310 2325 1458 2426 iisque,
1480 2349 1643 2426 quorum

351 2420 536 2544 interest,
558 2425 781 2524 advocatis,
800 2445 840 2508 et
856 2432 995 2509 auditis
1013 2433 1120 2508 haud
1131 2452 1266 2526 secus,
1287 2452 1334 2508 ac
1351 2429 1391 2505 in
1407 2429 1546 2507 unione
1564 2453 1643 2507 ser·
1664 2520 1667 2526 ,

354 2545 441 2606 vari
463 2547 632 2627 oportet.
723 2559 725 2563 ·
1637 2584 1640 2589 -

611 2734 693 2841 (aa)
721 2737 784 2815 De
813 2691 1027 2825 Diuisione·
1043 2735 1316 2835 Beneficiorum·
1346 2735 1402 2841 (²¹²)
1474 2761 1477 2768 ’

354 3007 356 3012 .
406 2938 487 3046 (**)
507 2943 616 3020 XIV.
640 2946 789 3021 Divisio
811 2960 893 3022 tum
909 2946 993 3021 fieri
1011 2945 1194 3044 expedit,
1217 2961 1333 3043 quum
1358 2942 1539 3018 Beneficii
1556 2961 1646 3027 one·

351 3040 460 3120 ribus
477 3048 607 3145 nequit
631 3069 700 3142 per
720 3070 837 3123 unum
857 3049 1052 3125 satisfieri:
1079 3046 1175 3144 Cap.
1199 3071 1221 3146 3
1240 3048 1284 3121 de
1305 3048 1492 3130 Ecclesiis
1514 3046 1648 3140 edific.

357 3147 595 3225 et.Trident.
618 3153 722 3228 Sera.
744 3170 824 3224 m
846 3150 934 3243 Ref.
959 3170 1043 3246 cap.
1064 3171 1114 3245 4,
1143 3173 1256 3249 quarn
1278 3151 1434 3249 quidem
1455 3148 1505 3225 nb
1534 3148 1644 3246 Episf

354 3249 467 3343 copis
484 3269 577 3341 tunc
590 3255 848 3353 peragendam
866 3254 987 3328 voluit
1000 3258 1112 3347 Supra
1133 3252 1316 3327 Castellae·
1330 3254 1487 3327 Senatus
1505 3252 1542 3324 in
1563 3253 1646 3324 Lit-=

367 3352 461 3425 teris
480 3356 541 3431 abi
557 3374 696 3452 supra,
716 3377 830 3454 quum
848 3352 899 3430 ob
916 3353 1238 3429 parochianorum
1255 3374 1452 3427 numerum
1466 3407 1477 3441 ,
1493 3365 1557 3427 au‘t
1575 3351 1651 3427 dis·

356 3453 550 3547 tantiam,
578 3458 687 3532 unius
708 3458 871 3533 Parochi
890 3472 1016 3553 operae
1038 3478 1115 3529 non
1142 3454 1344 3529 sufficiant.
1371 3456 1416 3529 ld
1433 3456 1519 3547 jam·
1534 3458 1643 3546 juxta

363 3549 769 3652 praefatatcanonicas
782 3561 996 3635 sanctiones
1010 3556 1207 3634 coustituit
1222 3557 1314 3654 Syn.
1329 3556 1453 3632 Tolet.
1467 3580 1529 3632 au.
1549 3558 1645 3651 1565

360 3658 452 3748 Act.
474 3664 509 3748 ΙΙ
528 3663 722 3756 Rencap.
738 3682 812 3759 27:
841 3663 1023 3760 Quoniam
1047 3665 1086 3734 in
1105 3663 1289 3756 plerisque
1299 3660 1398 3734 ¹locis
1419 3682 1532 3734 caasa
1554 3683 1647 3734 cont·

363 3759 539 3836 modiaris
557 3784 728 3859 agrorum
750 3763 934 3852 culturae,
957 3762 1183 3837 Parocbiani
1202 3767 1262 3835 ita
1284 3760 1444 3857 dispersi
1463 3774 1577 3850 runt,
1602 3764 1647 3836 ut·

364 3886 429 3937 nec
451 3862 581 3940 diebos
595 3864 764 3957 festivis
785 3862 837 3938 ad
858 3866 1114 3938 Parachialem
1136 3865 1345 3941 Ecclesiam
1367 3862 1562 3952 accedere,
1584 3874 1649 3942 nec

361 3968 417 4041 eis
433 3964 682 4042 Sacramenta
698 3965 1042 4059 ministrarifacile
1058 3977 1191 4060 queant
1206 3998 1219 4055 ,
1234 3965 1559 4060 cnrentEpr'scopr'
1574 4019 1586 4053 ,
1606 3983 1649 4043 ut

366 4066 553 4143 Ecatesrae
573 4072 787 4165 opportunis
809 4070 902 4145 locis
930 4072 1151 4165 erigantur,
1181 4068 1232 4141 ad
1257 4068 1322 4141 bar
1353 4081 1396 4141 nt
1425 4066 1650 4144 Parachiani

364 4170 435 4246 sic,
449 4169 612 4266 dispersi
643 4171 819 4247 commode
849 4172 1003 4261 valent,
1033 4188 1072 4247 et
1094 4169 1245 4244 Divina
1268 4167 1397 4261 officia
1424 4167 1555 4260 andire
1567 4226 1579 4259 ,
1608 4184 1649 4244 et

363 4270 613 4349 Sacramenta
644 4278 921 4369 perciperet...
935 4301 937 4305 ’
953 4274 1234 4369 Atqne‘endem
1257 4274 1414 4346 ‘ratione
1446 4284 1647 4365 competant
1674 4273 1677 4280 ’

361 4378 489 4465 portio
517 4378 600 4452 illis
625 4375 895 4451 Sacerdotibus
908 4430 920 4464 ,
933 4396 992 4451 aa
1019 4374 1225 4449 Ministris·
1250 4372 1466 4469 adsignetur
1491 4373 1650 4468 Episcot
1752 4405 1755 4410 ·

359 4477 713 4575 paruoarbtnta,
740 4481 802 4576 qai
830 4478 964 4554 rieden
993 4477 1180 4657 Ecclesiics
1210 4479 1356 4553 nouiter
1383 4477 1522 4554 erectis
1542 4488 1650 4554 aunt

337 4641 342 4647 .
388 4643 391 4648 Α
1181 4598 1244 4656 cn
1559 4596 1659 4672 psa·
