4034 5275
699 518 826 597 Liber
853 522 910 599 Il.
933 518 1082 596 Titulus
1112 517 1213 596 XII.
1522 541 1591 597 121

328 626 536 730 aegyrici,
552 648 603 702 ac
620 625 773 700 demum
793 625 1000 699 incruentis
1018 623 1237 714 sacrificiis,
1262 621 1436 719 mysticls
1454 618 1621 701 oblatio-

328 732 467 824 nibus,
487 730 668 828 hymnis,
689 729 843 827 aliisque
861 725 1038 825 operibus
1056 749 1203 801 summa
1220 749 1309 801 cum
1327 727 1519 800 hilaritate
1539 731 1619 803 De-

329 823 535 910 d'icationis
557 833 792 908 sollemnitas
809 832 1030 906 celebrata:
1053 828 1237 904 Eusebius
1258 827 1347 903 Lib.
1372 827 1443 900 IV
1463 831 1505 903 de
1530 832 1576 906 V
1574 837 1620 906 it.

329 934 461 1013 Const.
478 955 560 1032 cap.
573 955 636 1030 45.
660 931 741 1037 (**)
758 935 818 1009 Sic
835 934 963 1011 vocati
981 930 1030 1008 ab
1045 933 1246 1028 Alphonso
1263 933 1408 1029 Magno
1426 932 1622 1029 Episcopi,

330 1038 541 1128 Oscensis,
568 1037 839 1135 Legionensis,
869 1037 1151 1124 Asturicensis,
1180 1035 1491 1125 Salmaticensis,
1519 1034 1623 1111 Cau-

329 1142 490 1231 riensis,
507 1139 854 1228 Conimbsicensis,
872 1139 1138 1226 Lamecensis,
1155 1138 1333 1213 Vesensis
1347 1191 1359 1227 ,
1374 1136 1625 1213 Portucalen·

331 1244 413 1335 sis,
436 1245 701 1336 Bracarensis,
723 1244 935 1333 Tudensis,
959 1243 1181 1331 Auriensis,
1205 1240 1382 1329 Iriensis,
1406 1242 1626 1338 Luccensis,

328 1342 605 1435 Britoniensis,
627 1346 1012 1444 caesaraugustanus,
1034 1345 1268 1420 Ovete'nsem
1292 1341 1505 1417 Ecclesiam
1531 1368 1620 1420 cum

329 1447 434 1545 illius
450 1447 566 1524 Urbis
582 1448 775 1546 Episcopo
795 1449 972 1522 sollemni
989 1469 1157 1542 pompa,
1178 1464 1216 1520 et
1236 1444 1470 1541 Evangelica
1489 1446 1622 1523 habita

330 1551 545 1642 concione,
574 1568 845 1626 consecr-arunt
867 1551 930 1624 die
960 1571 1012 1643 24
1042 1550 1143 1646 Junii
1171 1549 1232 1622 an.
1264 1547 1389 1621 circit.
1419 1548 1525 1646 8732
1558 1551 1628 1624 cni*

329 1650 421 1727 Rex
444 1655 526 1749 ipse
552 1675 625 1727 una
652 1676 741 1728 cum
772 1653 972 1750 praecipuis
999 1653 1124 1749 Regni
1148 1645 1400 1740 Proceribus,
1428 1667 1468 1723 et
1491 1654 1639 1726 cathos¹

328 1751 409 1830 lica
433 1755 547 1852 plebe
572 1755 849 1847 interfuerunt,
872 1778 919 1830 ac
942 1771 1115 1830 sanctum
1144 1753 1381 1828 celebratum
1399 1768 1456 1826 est
1480 1753 1629 1830 Conci*
1673 1818 1676 1825 ,

329 1855 456 1948 lium,
488 1861 525 1932 in
557 1880 632 1956 quo
655 1859 753 1933 inter
775 1859 850 1933 alia
876 1858 971 1932 illud
996 1854 1167 1931 'maxime
1197 1855 1444 1931 constiturum
1468 1872 1551 1947 est,
1581 1873 1646 1957 ut!

328 1955 507 2035 Ecclesia
534 1954 737 2036 Ovetensis
764 1962 993 2056 Metropolis
1030 1959 1244 2034 haberetur.
1275 1958 1427 2032 Videsis
1456 1959 1630 2057 Aguirre·

320 2057 476 2136 Concil.
502 2061 598 2135 Tum.
628 2061 698 2134 IV
712 2084 804 2160 pag.
835 2067 922 2164 356.
949 2063 1078 2135 Plures
1107 2063 1193 2134 dein
1223 2059 1500 2154 Episcoporum
1527 2061 1646 2135 con?

297 2253 305 2264 ι
329 2180 470 2238 ventus
488 2163 612 2239 habiti
638 2179 725 2238 sunt
743 2160 1002 2239 Ecclesiarum
1025 2163 1322 2238 consecrationis
1343 2183 1483 2251 causa,
1516 2164 1641 2238 vide·

272 2292 277 2301 ·
330 2263 447 2358 licet,
462 2267 640 2341 Rotensis
655 2280 716 2340 an'.
735 2290 849 2357 1022,
864 2267 1163 2363 pampilonensis
1177 2287 1237 2340 an.
1257 2265 1622 2364 1023,··Rivipollen·

329 2367 384 2439 sis
399 2393 447 2442 an
470 2392 581 2468 1032,
595 2366 855 2445 Gerundensis
870 2393 930 2445 an.
951 2371 1059 2469 1038,
1071 2369 1305 2468 Urgellensis
1319 2389 1379 2442 an.
1400 2389 1514 2461 1040,
1530 2370 1632 2446 Bar-'⁵

329 2470 549 2544 elnonensis
566 2495 627 2548 an.
646 2474 760 2563 1058,
779 2475 1003 2547 Helenensis
1019 2495 1080 2545 an.
1098 2474 1204 2564 1058.
1222 2475 1283 2545 Ne
1299 2472 1437 2568 plures.
1451 2468 1506 2572 (²¹¹)
1521 2473 1625 2548 Mar·

327 2584 463 2669 tyrum
481 2594 630 2671 quoque
647 2573 823 2671 reliquias
837 2629 850 2664 ,
862 2575 942 2647 -ritu
968 2575 1102 2649 saltem
1121 2576 1324 2661 Romano,
1345 2573 1457 2647 fuisse
1477 2575 1628 2653 adhibi·

329 2689 392 2750 tas
409 2682 432 2763 ,'
450 2693 555 2773 patet
578 2699 625 2750 ex
643 2673 850 2750 Ambrosio
871 2677 948 2771 Ep,
967 2696 1043 2771 54,
1067 2689 1106 2749 et
1130 2698 1176 2750 ex
1197 2674 1369 2749 P-aullino
1389 2674 1462 2768 Ep.
1486 2698 1549 2750 ια.

385 2777 451 2851 lll.
479 2780 589 2853 Ritus
600 2782 685 2872 jure
704 2800 805 2853 novo
828 2781 1004 2854 servandi
1023 2794 1195 2875 prostant
1216 2779 1253 2851 in
1277 2777 1490 2851 Pontificali
1507 2779 1625 2856 Rom.

331 2898 381 2953 ex
403 2879 506 2973 cujus
534 2883 756 2977 praescripto
783 2882 964 2978 praecedit
984 2883 1196 2975 jejunium,
1224 2881 1268 2956 et'
1291 2901 1459 2975 vesperae
1487 2875 1625 2959 coram·

332 2982 502 3081 reliquiis
520 2984 650 3057 subtus
668 2986 787 3058 altare
804 2985 1037 3058 collocandis
1055 2987 1255 3057 canendre:
1274 2982 1361 3056 dein
1381 3003 1492 3058 mane
1511 2984 1626 3081 Epis·

262 3091 265 3098 “
331 3106 450 3179 copus
471 3102 530 3160 ter
548 3086 668 3182 ipsam
687 3085 899 3160 Ecclesiam
926 3088 1091 3163 exterius
1113 3087 1316 3177 circumit,
1339 3100 1377 3160 et
1394 3109 1489 3184 aqua
1509 3085 1622 3164 bene·

331 3185 439 3290 dicta
453 3190 738 3286 aspergit,tnm
755 3188 965 3264 Ecclesiam
982 3190 1214 3287 ingreditur,
1231 3190 1423 3270 delineato
1438 3185 1518 3291 (¹⁸⁰⁸)
1535 3190 1630 3265 cum'

332 3292 576 3365 extremitate
594 3291 785 3365 Baculi-in
810 3289 945 3364 Crucis
975 3292 1137 3364 formam
1163 3287 1219 3389 (*)
1236 3289 1379 3384 duplici
1402 3312 1553 3385 graeco,
1569 3301 1628 3367 ¹ac'

332 3390 458 3464 latino
477 3393 614 3490 inipso
628 3393 707 3495 (²⁸²⁸)
724 3393 853 3467 cinere
870 3413 1077 3489 consperso
1092 3386 1148 3494 (*)
1164 3392 1299 3488 templi
1316 3391 1539 3487 pavimento
1552 3394 1626 3467 Al·'
1649 3388 1655 3422 '⁴

331 3489 538 3591 phabeto,
567 3520 613 3570 ac
636 3520 709 3571 una
731 3496 884 3595 quidem
907 3497 945 3568 in
969 3505 1108 3591 porta,
1133 3495 1334 3569 duodecim
1358 3515 1452 3567 vero
1474 3495 1511 3568 in
1531 3496 1630 3572 ints·¹

332 3594 499 3671 rioribus
517 3598 724 3691 parietibus
747 3599 902 3697 signatis
922 3596 1120 3687 crucibus,
1149 3597 1355 3695 iisdemque
1374 3620 1481 3672 sacro
1498 3592 1641 3674 chris·¹

331 3713 437 3779 mate
463 3697 607 3787 linitis,
634 3703 815 3795 psalmis,
843 3702 1027 3795 hymnis,
1056 3697 1258 3797 precibus,
1285 3701 1442 3797 aliisque
1469 3698 1617 3792 ritibus,

329 3797 548 3901 Ecclesiam
571 3817 769 3893 consecrat
786 3825 797 3891 3
820 3802 976 3873 tandem
996 3803 1154 3877 Missam
1174 3800 1370 3889 celebrat,
1393 3824 1475 3897 quae
1492 3818 1620 3876 tamen

292 3911 298 3928 '
330 3901 623 3978 consecrationi
638 3904 985 3976 susurrasserrtialis
1008 3920 1171 3978 nonest.
1195 3900 1275 4006 (**)
1294 3904 1384 3977 Dies
1412 3906 1620 3981 Dominica

330 4005 387 4079 uti
404 4005 681 4079 consecrationi
698 4007 874 4101 propria,
892 4005 1113 4103 adsignatur
1128 4007 1150 4080 a
1164 4006 1254 4104 Syn.
1272 4004 1548 4103 Caesaraugnst.
1567 4009 1620 4083 ΙΙΙ

328 4105 424 4181 Can.
442 4126 483 4196 1,
506 4108 676 4204 eoquod
699 4109 834 4181 eodem
867 4109 947 4205 ipso
970 4110 1032 4182 die
1055 4108 1294 4183 Clericorum
1316 4108 1621 4207 inaugurationes

327 4207 412 4283 fieri
439 4211 730 4300 consueverint3
760 4227 799 4283 at
830 4213 1069 4285 Innocentius
1099 4214 1150 4286 lll
1179 4210 1274 4305 Cap.
1305 4231 1326 4281 2
1360 4210 1623 4287 de-Csorrrecr.

297 4349 299 4353 Α
329 4306 479 4386 Eccles.
504 4313 580 4385 &c
599 4310 830 4409 quibuslibet
865 4316 956 4385 anni
981 4312 1114 4385 diebus
1136 4336 1221 4387 eam
1245 4313 1325 4385 fieri
1352 4311 1537 4406 permisit.
1558 4309 1614 4415 (²¹³)

313 4472 316 4476 .
381 4414 447 4488 lV.
474 4415 561 4511 Jam
584 4438 677 4488 vero
694 4434 732 4488 et
757 4416 900 4489 Altaria
921 4414 1172 4508 peculiaribus
1190 4415 1449 4486 consecranda
1467 4433 1551 4487 sunt
1570 4418 1619 4491 ri·

327 4514 468 4640 tibus,
492 4539 586 4616 quos
615 4518 703 4593 vide
732 4517 772 4591 in
802 4517 941 4593 Pontis.
965 4517 1079 4591 Rom.
1105 4510 1194 4593 ibid.
1220 4516 1321 4589 lllud
1345 4514 1407 4587 hic
1432 4515 1618 4692 duntaxgt

345 4655 358 4664 ..
376 4639 380 4676 :
401 4671 413 4686 ,Ι
448 4635 454 4640 -
1547 4642 1571 4691 0
