4034 5275
729 483 957 570 Liberll
963 479 1276 569 strutusilltt
1569 489 1629 594 '⁸3

370 590 694 673 Mattimardum
677 617 717 668 un
737 592 910 669 Ecclesia
933 589 1080 688 publice
1095 611 1167 690 per
1183 589 1494 691 proclamationes
1510 618 1574 672 non
1591 596 1654 672 de·

320 698 535 789 'nuntiem
571 701 648 772 nisi
671 699 781 792 prius
799 695 1023 791 Sponsorum
1057 694 1309 786 voluntatem,
1335 711 1374 771 et
1405 686 1522 776 iibere
1544 716 1653 794 prce·

358 753 535 875 standum
552 795 795 874 contrahendi
814 797 1051 875 Matrimonii
1082 820 1285 875 consensum
1312 798 1504 922 exploret.
1528 799 1652 874 simut

361 924 450 997 que
464 926 527 979 eos
550 901 597 978 de
611 900 723 978 Fidei
744 900 961 977 rudimentis
978 911 1242 994 percontetur.
1272 925 1358 997 quos
1379 905 1415 974 si
1434 905 1550 978 minus
1570 902 1651 978 ini.-

362 1013 508 1080 tructos
525 1003 834 1098 deprehenderim
851 999 981 1081 sedula
1006 997 1153 1124 erudire
1171 1008 1240 1080 non
1257 1002 1447 1102 negligat·
1462 1002 1653 1177 ειὼδγιιι
1763 1026 1767 1033 ·

351 1090 492 1229 Neap.
506 1103 601 1184 ibid.

741 1342 1119 1438 r1suu'us
1204 1363 1279 1439 ιιι.

609 1608 624 1635 ”
686 1615 751 1696 De
773 1568 1047 1718 impedimentis
1062 1614 1329 1696 Matrimonii.

372 1927 413 2005 i·
441 1863 740 2023 impedimenti
771 1922 1003 2001 vocabulum
1040 1925 1104 2000 hic
1134 1949 1181 2002 ea
1214 1926 1369 2002 notione
1411 1947 1649 2024 usurpamus,

354 2048 435 2122 qua
460 2030 648 2124 significat
679 2029 862 2126 quidquid
886 2028 1182 2101 Matrimonium
1214 2029 1364 2102 irritum
1397 2030 1551 2119 reddit
1585 2029 1649 2104 vei

349 2126 550 2206 illicitum
583 2126 670 2226 Jam
699 2150 814 2224 porro
846 2149 894 2201 ex
920 2127 1211 2225 Impedimentis
1248 2128 1323 2203 alia
1352 2129 1650 2207 Matrimonium

352 2232 510 2305 nonnisi
543 2231 722 2306 illicitum
740 2229 906 2318 iaciunt,
938 2243 979 2306 at
1008 2243 1251 2305 contractum
1269 2252 1345 2304 uon
1361 2231 1572 2323 dirimunt
1602 2254 1650 2310 ea

353 2349 514 2450 propter
533 2322 770 2452 impedientia
796 2331 1016 2426 adpellata3
1049 2329 1123 2406 alia
1144 2344 1237 2408 vero
1270 2332 1387 2408 etiam
1420 2333 1647 2428 invalidum,

351 2431 538 2530 ἰιιίιιιιιι,
574 2437 654 2512 sive
683 2434 829 2510 nullum
853 2435 1049 2525 reddunt,
1076 2457 1159 2533 quae
1183 2434 1397 2514 dirimentia
1424 2436 1539 2536 vulgo
1559 2462 1650 2516 uun·

311 2555 313 2559 ’
351 2540 562 2631 ,cupantuu

409 2640 459 2713 11.
487 2639 764 2735 impedimenta
785 2634 1026 2711 Matrimonii
1048 2634 1124 2712 aiio
1144 2639 1232 2730 jure
1266 2650 1410 2713 uaturae
1439 2641 1649 2719 constituta

355 2754 470 2833 sunt,
503 2743 579 2817 alia
601 2745 688 2836 J'ore
717 2739 884 2835 positivo
917 2738 1025 2813 civili
1043 2781 1070 2828 ‚·
1086 2739 1149 2813 vel
1168 2738 1467 2832 Ecclesiastico,
1490 2742 1564 2817 alia
1582 2744 1650 2819 de·

308 2875 312 2880 ·
355 2861 462 2916 mum
492 2866 539 2918 ex
561 2846 658 2940 ipso
688 2840 912 2917 nubentium
937 2840 1049 2934 ,facto
1076 2842 1263 2917 oriuntur.
1291 2841 1467 2938 synodus
1489 2845 1649 2941 quidem

354 2943 580 3020 Tridentino
595 2947 840 3021 Sessuntu
859 2944 904 3017 de
918 2941 1279 3017 SacramMatrim.
1295 2944 1446 3021 Canum
1460 2948 1649 3026 definivit:

353 3042 407 3120 Si
420 3052 503 3140 quis
518 3048 663 3123 dixerit
676 3047 885 3121 Ecclesiam
907 3070 973 3120 non
992 3048 1161 3140 potuisse
1183 3050 1408 3122 constituere
1424 3049 1650 3147 impedimen-

354 3161 399 3222 ta
414 3149 694 3228 Matrimonium
710 3148 948 3236 disiunctio,
979 3148 1054 3230 vel
1070 3152 1109 3221 in
1127 3154 1186 3223 iis
1200 3149 1468 3224 constituendis
1480 3174 1648 3246 errasse,

347 3252 552 3326 anathema
566 3257 634 3330 sit.
651 3253 709 3327 At
725 3275 817 3327 vero
834 3273 948 3348 quum
966 3250 1005 3323 in
1022 3249 1303 3339 matrimonio,
1336 3269 1375 3325 et
1393 3252 1491 3325 ratio
1508 3252 1646 3330 Sacra·

316 3374 321 3382 ¹
356 3354 479 3426 menti
503 3355 640 3449 inspici
663 3354 809 3451 possit,
839 3368 878 3425 et
901 3352 998 3425 ratio
1016 3349 1248 3425 Contractus
1266 3352 1419 3440 civilis,
1427 3354 1538 3433 hinc
1557 3377 1646 3429 non·

355 3453 453 3526 uuili
467 3456 694 3568 ceteroquin
719 3476 936 3551 gravissimi
926 3452 1165 3551 Theolog1
1190 3466 1228 3525 et
1243 3450 1461 3527 Canomstae
1490 3455 1645 3552 docent,

350 3560 461 3648 posse
467 3534 684 3652 Principem
700 3558 928 3646 Saecularem
954 3579 1002 3629 esc
1023 3576 1181 3652 genere,
1209 3572 1246 3628 et
1268 3572 1404 3630 natura
1426 3580 1502 3629 sua
1520 3575 1647 3654 potes·

354 3661 458 3731 tatis
477 3660 720 3734 Matrimonii
747 3658 1001 3780 impedimenta
1030 3657 1220 3730 dirruens
1186 3672 1244 3729 cca
1272 3655 1366 3751 fidel
1365 3657 1447 3734 ibus
1465 3661 1541 3733 sibi
1558 3663 1647 3737 sub-

356 3755 455 3832 ditis
477 3782 524 3835 esc
539 3761 657 3861 justa
686 3782 800 3835 causa
825 3764 904 3832 suis
924 3759 1035 3854 iegrb
1032 3784 1070 3831 ιι
1091 3759 1272 3833 indicere:
1303 3763 1358 3833 lta
1378 3764 1544 3837 Thomas
1559 3765 1646 3839 San·

357 3861 454 3935 chez
476 3864 524 3936 de
542 3864 578 3936 S
591 3860 832 3938 Matrimonii
849 3859 1096 3935 sacramento
1114 3859 1202 3936 nib
1209 3856 1257 3933 V
1260 3859 1287 3934 I
1294 3860 1319 3932 t
1339 3860 1453 3955 Disp
1469 3865 1494 3937 I
1499 3866 1522 3938 1
1527 3862 1555 3935 Ι
1564 3894 1598 3940 n
1607 3864 1644 3959 n,

358 3963 448 4073 quin
479 3981 517 4040 et
548 3965 683 4041 ibidem
704 3963 926 4040 subnectit:
957 3961 1042 4035 Nec
1070 3961 1196 4038 obstat
1219 3964 1410 4057 Principis
1439 3966 1647 4047 Saecularis

352 4068 543 4160 potestati
557 4068 839 4143 Matrimonium
863 4090 944 4142 esse
956 4064 1245 4140 Sacramentum
1270 4062 1427 4160 Quia'
1392 4090 1470 4165 epus
1487 4079 1646 4167 materia
1686 4114 1692 4119 ·

359 4179 420 4242 est
452 4184 665 4246 contractus
693 4167 852 4267 civilis,
881 4190 953 4265 qua
976 4170 1122 4244 ratione
1144 4165 1295 4261 perinde
1314 4185 1438 4276 potest
1477 4170 1526 4242 ill
1525 4172 1575 4246 ud
1598 4198 1645 4268 eor
1681 4215 1685 4221 ·

358 4288 474 4345 causa
496 4272 608 4372 justa
640 4274 836 4362 irritare,
871 4294 917 4345 ac
944 4272 981 4343 si
1008 4274 1288 4346 Sacramentum
1316 4293 1380 4345 non
1407 4289 1531 4360 esset
1564 4268 1645 4350 red

358 4370 473 4452 Mada
501 4394 680 4468 personas
707 4372 912 4448 inhabiles
921 4373 972 4445 ad
997 4370 1308 4461 contrahendum,
1336 4384 1376 4445 et
1403 4375 1460 4445 sic
1493 4375 1647 4473 illegiti-

306 4498 479 4581 mum,
499 4490 553 4552 et
585 4476 790 4552 inualidum
822 4479 1062 4554 contractum.
1095 4474 1200 4550 Tum
1224 4488 1264 4549 et
1295 4423 1412 4549 iliam
1448 4475 1557 4560 addit
1585 4491 1648 4560 aa

367 4578 513 4718 minut.
530 4576 558 4653 I
561 4580 596 4657 I
1108 4663 1110 4667 .
1195 4576 1227 4651 L
1480 4580 1495 4587 '‘
1571 4578 1647 4655 tio·
