4034 5275
693 466 868 556 -··'Libet
896 470 954 556 tt
989 469 1139 552 Tisaion
1167 472 1228 552 “ῙῙ.
1582 536 1587 545 .

336 580 719 684 copotuoieddant,
740 584 903 680 qualiter
924 595 1132 677 susceptam
1147 577 1317 674 {officinm
1332 576 1550 673 celebrant,
1574 585 1640 661 vei

293 685 307 755 .’
339 691 553 787 baptizant.
570 686 625 790 (*)
643 689 751 761 ldem
768 685 980 782 prescribit
996 686 1033 760 S.
1047 683 1210 759 Carolus
1225 682 1465 760 Borromaeus
1478 687 1517 759 in
1535 689 1550 761 l
1566 689 1636 788 Sy·
1722 694 1727 713 '

334 796 432 870 nod.
460 794 638 868 Proviuc.
665 794 714 865 P.·
736 792 784 864 II
810 788 974 864 Constit.
1000 811 1039 863 a.
1612 840 1614 844 -

336 926 341 959 :
385 898 486 971 1Vll.¹
511 899 709 995 Jamvero
725 893 835 967 Ritus
853 892 1164 990 distinguuntur,
1188 903 1228 965 et
1244 890 1310 966 alii
1326 906 1414 967 sunt
1429 891 1638 971 Universa·

343 999 425 1090 les,
449 1000 516 1074 alii
539 989 736 1071 dicuntur..
750 994 1017 1070 Particulares.
1040 993 1288 1069 Universales
1314 1011 1429 1085 sunt,
1457 1019 1552 1094 quos
1574 999 1638 1074 vel

340 1101 548 1199 Scripturae
574 1097 785 1196 praescribit
817 1100 1052 1187 auctorum,
1081 1097 1145 1172 vel
1175 1114 1255 1173 tota
1288 1106 1357 1194 p'er
1380 1095 1527 1174 Orbem
1560 1100 1638 1176 fre·
1754 1122 1757 1129 ’

335 1221 496 1303 quentat
518 1202 705 1278 Ecclesia.
728 1201 980 1276 particulares
1003 1223 1125 1290 vero,
1145 1200 1210 1299 qui
1233 1223 1309 1275 non
1334 1201 1451 1275 iidem
1475 1200 1629 1302 ubique,

337 1308 470 1384 sedin
494 1306 669 1384 diversiis
691 1304 874 1379 Ecclesiis
894 1322 980 1379 sunt
1004 1303 1159 1379 diversi.
1185 1305 1243 1378 De
1263 1303 1338 1376 illis
1365 1305 1637 1404 intelligendus

278 1403 281 1406 ’
341 1427 400 1486 est
429 1413 608 1486 laudatus
629 1409 745 1482 modo
768 1408 943 1481 Trident.
970 1407 1130 1482 Canon:
1155 1407 1204 1480 de
1233 1409 1437 1502 postremis
1465 1408 1632 1508 loquitur

339 1515 442 1614 Aug.'
457 1511 645 1610 Epist..ad
669 1510 902 1586 Casulanum
919 1512 978 1585 his
1002 1507 1155 1603 verbis:
1179 1509 1571 1604 Omccisrpnlcbricado
1586 1512 1635 1607 fi·

338 1615 544 1714 iiae'Regis
571 1618 819 1690 intrinsecas:
841 1614 921 1690 tllae
940 1629 1065 1686 antea
1083 1610 1388 1704 obseruationes,
1419 1637 1499 1709 qna
1527 1620 1632 1711 varie

339 1719 602 1809 celebrantur,
633 1720 672 1791 in
689 1718 788 1818 ejas.
816 1730 922 1791 ueste
948 1714 1236 1811 intelligantur:
1268 1715 1359 1792 ande
1395 1715 1451 1789 ibi
1483 1719 1638 1812 dicitutr

336 1827 381 1896 in
397 1822 561 1918 fimbriis
596 1828 722 1895 aureis
756 1822 1032 1896 circumamicto
1054 1821 1257 1894 varietate.
1283 1817 1471 1916 Utrunque
1502 1838 1632 1919 autem

335 1926 607 2024 complectitur
626 1925 812 2022 'superius
843 1939 1099 1999 memoratum
1130 1924 1157 2001 I
1186 1920 1329 2012 Synod.
1357 1922 1472 1999 Pron.
1503 1921 1632 2023 Neap.

337 2025 554 2107 Decretum.
602 2068 605 2074 ·
683 2057 688 2093 ι
720 2090 723 2095 .
1048 2105 1051 2111 ,
1278 2033 1284 2043 ’
1578 2095 1580 2100 .

349 2192 351 2197 .
390 2130 496 2206 Vm.
523 2133 692 2205 Demum
709 2130 752 2202 in'
771 2129 1038 2202 ministrandis
1056 2128 1313 2202 sacramentis
1331 2129 1488 2204 vitanda
1510 2132 1636 2209 omni,

336 2253 389 2315 no
406 2250 479 2308 ¹est
506 2234 567 2309 rei·
586 2235 764 2329 cujusque
791 2231 1015 2327 temporalis
1040 2231 1209 2306 exactio.
1232 2230 1353 2306 Vetus
1381 2231 1555 2311 Ecclesia
1574 2236 1637 2327 ti,

335 2331 473 2412 ben'ter
490 2333 710 2431 accipiebat
731 2331 948 2409 oblationes
976 2334 1061 2408 illas
1077 2389 1094 2427 ‚4
1114 2356 1206 2432 quas
1222 2335 1272 2409 ad
1294 2333 1478 2410 Ecclesia
1499 2337 1637 2413 Minis„

337 2453 448 2529 tros,
482 2463 529 2514 ac
561 2438 943 2534 pauperes‘alendos
974 2437 1107 2510 fideles
1143 2436 1216 2532 ipsi
1251 2438 1352 2512 ultro
1376 2439 1639 2536 exhibebant,

341 2562 538 2641 nunquam·
559 2541 713 2617 veroin
737 2540 1074 2615 Sacramentorum
1096 2540 1432 2615 administratione
1457 2545 1637 2637 pretium,

338 2647 594 2739 pecaniamve
621 2642 800 2741 repetiit:
825 2644 955 2741 Neque
975 2646 1069 2717 enim
1092 2645 1217 2738 pretio
1239 2643 1316 2717 ulla
1341 2642 1505 2739 cesDei
1529 2671 1636 2721 cons·

341 2761 432 2820 tat:
460 2745 476 2849 (
491 2749 544 2824 ait
566 2747 673 2821 Tert.
695 2747 933 2845 Apolog.'·39
947 2743 961 2846 )
974 2797 987 2821 .
1002 2750 1137 2821 Etiam
1153 2751 1189 2820 si
1206 2744 1301 2839 qnod
1317 2765 1418 2823 arca
1432 2767 1549 2843 genas
1564 2767 1637 2846 est,

337 2852 471 2924 nonde
494 2852 852 2925 honorariasamma
869 2852 983 2946 quasi·
996 2848 1171 2938 redemta
1192 2846 1403 2944 Religionis
1433 2871 1637 2951 colngregoe

337 2966 413 3027 tat.
448 2953 642 3027 Modicam
674 2956 915 3051 anasqnirqae
953 2954 1084 3049 stipem
1119 2965 1308 3026 retensttna
1340 2950 1429 3041 die,
1460 2957 1523 3031 vel
1556 2947 1635 3033 cain

332 3056 465 3148 uelit,
492 3072 531 3131 et
560 3058 596 3129 si
623 3054 723 3127 modo
752 3059 907 3152 possit,
935 3057 1106 3152 apponit.
1133 3055 1237 3130 Nam
1267 3060 1635 3155 nunnamenster,
1738 3097 1744 3106 ·

336 3157 405 3231 red
430 3174 559 3254 sponte
590 3156 752 3250 confert·
776 3152 859 3260 (²⁸⁷⁶)
882 3158 984 3232 Hinc
1014 3156 1166 3232 Concil.
1191 3156 1368 3232 illiserit.
1393 3157 1486 3235 Can.
1510 3186 1638 3260 atam

337 3263 561 3337 constituit:
586 3277 628 3335 nt
654 3260 693 3333 tt
720 3265 781 3357 qai
800 3260 1044 3358 baptizantur
1047 3310 1107 3337 .....
1132 3285 1286 3335 nonnos
1309 3265 1346 3335 in
1370 3264 1541 3338 concham
1568 3292 1635 3343 noa

336 3370 521 3460 mittant,
538 3382 594 3436 'ne
616 3363 829 3453 Sacerdos,
861 3364 956 3456 qnod
976 3368 1108 3457 gratis
1139 3369 1311 3456 accepit,
1337 3369 1462 3457 pretio
1488 3367 1636 3443 distra-

334 3465 420 3539 here
464 3467 639 3556 ideatar3
658 3460 714 3565 (*)
732 3479 771 3538 et
797 3466 926 3539 Later.
949 3466 985 3537 ll
1002 3464 1072 3538 sub
1098 3466 1230 3539 lnnoc.
1249 3468 1283 3539 ll
1308 3464 1402 3563 Cap.
1428 3488 1450 3540 2
1471 3469 1509 3542 in
1531 3473 1634 3552 hunc

334 3490 491 3743 ψη]
515 3567 716 3641 decernit:
742 3566 800 3640 Et
831 3592 939 3663 neque
959 3587 1028 3662 pro
1053 3584 1197 3662 pasta,
1219 3570 1280 3642 vel
1295 3567 1362 3641 snb
1382 3570 1530 3647 obtenta
1553 3578 1631 3648 ali·

373 3696 440 3772 pas
465 3670 737 3745 consuetudinis
764 3684 877 3757 ante,
906 3672 970 3745 vel
986 3690 1100 3764 pest,
1131 3672 1155 3745 d
1184 3693 1355 3768 quoquam
1380 3673 1525 3771 aliquid
1548 3683 1630 3753 cxi·

318 3786 489 3869 'gatue3
522 3772 584 3845 vel
618 3780 698 3867 ipse
729 3768 823 3873 (qui
857 3774 1103 3847 Sacramenta
1138 3770 1327 3874 suscipit)
1363 3777 1453 3848 dare
1480 3793 1629 3871 priests-

330 3890 435 3966 mat'‚
467 3877 632 3971 qnoniam
662 3876 911 3949 Simoniacam
947 3891 1018 3948 est.
1051 3877 1220 3972 idipsum
1253 3875 1504 3972 praescribunt
1535 3882 1629 3982 Syn.

327 3978 509 4053 Lateran.
535 3978 589 4051 tv
614 3974 684 4051 snb
704 3983 901 4053 innocent.
927 3979 983 4050 llt
1003 3975 1096 4052 Can.
1116 3979 1290 4068 LXIII,
1319 3994 1357 4065 et
1383 4005 1465 4080 quae
1494 4006 1625 4081 postea

327 4082 476 4177 sequuti
494 4096 582 4156 sunt
602 4080 761 4177 synodi.
782 4080 907 4154 Unius
924 4102 1021 4172 vero
1039 4084 1055 4153 l
1076 4081 1169 4179 Syn.
1186 4082 1301 4156 Prov.
1319 4082 1445 4181 Neap.
1460 4084 1553 4182 Cap.
1576 4116 1634 4170 12.
1678 4111 1683 4124 ·

327 4184 446 4259 verba
461 4185 525 4258 hic
538 4205 699 4280 ponam:
716 4182 837 4279 Quam
849 4187 977 4281 gratis
995 4186 1287 4260 communicanda
1304 4193 1530 4279 noverimus,
1544 4221 1624 4291 qna

321 4289 457 4382 gratis
480 4289 708 4385 accepimns,
729 4300 769 4362 et
792 4287 1001 4381 Apostolos
1021 4290 1150 4383 capiat
1169 4291 1294 4385 magis
1315 4294 1432 4382 niori,
1457 4318 1562 4387 qaam
1581 4298 1635 4373 at
1673 4324 1676 4327 ⁴

321 4391 489 4485 gloriam
512 4389 605 4461 hanc
622 4392 706 4486 qais
722 4404 904 4476 evacuet,
930 4398 1023 4463 omni
1039 4390 1247 4486 uigilantia
1269 4394 1558 4487 providendum,
1581 4422 1632 4478 at.

320 4498 439 4581 caenis
455 4493 640 4588 auaritia
655 4493 758 4588 ,oei
771 4492 998 4571 Sinoniaca
1016 4490 1119 4586 labis.
1140 4495 1302 4592 suspicio
1320 4493 1492 4572 demedio
1509 4503 1628 4573 tolla,
1729 4539 1737 4546 -

393 4652 397 4663 .
611 4617 614 4626 ‘
1539 4619 1619 4695 tar,
