4034 5275
759 510 774 523 ⁴·
797 474 1233 566 munitissimis.
1301 490 1314 507 ‘
1601 521 1619 573 1

358 597 516 674 mitatur
531 594 682 689 forma,
713 601 797 668 tum
820 590 996 681 tertiam,
1016 613 1099 691 quae
1118 594 1298 687 adjuncta
1324 589 1447 673 h'ubei
1460 512 1656 681 verbasci.

354 700 550 801 Episcopo
574 696 876 796 pronuntianda:
899 693 1044 800 Accipe
1060 690 1247 790 Spiritum
1264 690 1446 786 Sanctum
1468 701 1546 776 dec.
1563 716 1649 781 tum

352 817 394 878 et
409 801 746 881 Sacrumclrrisma
762 851 783 890 „
808 818 890 899 quo
905 796 1109 872 ordinandi
1131 798 1362 897 inunguntur
1381 799 1435 876 ‘ab
1453 803 1658 902 Episcopo

355 907 525 982 dicente:
539 904 838 991 Housmam-et
854 898 1092 995 sanctificare
1117 903 1283 1000 dignans
1301 903 1546 982 Domiucdm.
1563 908 1659 984 tum!

358 1008 514 1085 demum
547 1026 587 1084 et
614 1009 952 1081 instrumentorum
989 1005 1274 1097 porrectionem
1292 1026 1320 1095 ,²
1337 1029 1432 1106 quae·
1456 1010 1649 1085 adnexam

356 1110 476 1186 habet
508 1113 692 1186 formam:
720 1110 866 1204 Accipe
892 1119 1119 1200 potestatem
1143 1106 1220 1182 &c
1255 1131 1332 1183 non
1357 1131 1465 1201 esse,
1494 1110 1566 1186 nisi
1591 1112 1649 1187 ri·

356 1224 419 1287 tus
430 1213 713 1300 accidentales,
730 1234 778 1286 ac
794 1207 1049 1286 coeremonias
1065 1206 1115 1282 ab
1130 1208 1309 1287 Ecclesia
1341 1210 1553 1304 institutas,
1569 1237 1647 1312 quo

358 1319 572 1411 expressius
602 1314 699 1390 varii
715 1312 950 1388 Sacramenti
964 1310 1123 1387 Ordinis
1145 1311 1304 1390 effectus
1330 1313 1654 1412 significarentur.

356 1417 585 1511 Hujusmodi
607 1432 752 1511 autenti
769 1416 862 1489 ritus
882 1414 1052 1489 omnino.
1072 1415 1277 1491 omittendi
1310 1439 1386 1509 non
1408 1434 1533 1511 sunt,
1564 1437 1648 1495 tum

355 1521 445 1618 quia
465 1520 515 1596 ab
533 1521 714 1611 Ecclesia
732 1518 899 1608 sanciti,
933 1530 973 1591 et
999 1516 1171 1614 pluribus
1203 1516 1254 1593 ab
1280 1519 1371 1593 hinc
1399 1521 1544 1595 seculis
1562 1523 1650 1596 reli·-

357 1623 567 1718 giosissime
591 1621 783 1711 adhibiti,
813 1636 895 1722 tum
915 1642 1007 1693 vero
1026 1619 1249 1715 praecipue',
1278 1622 1380 1719 quod
1399 1644 1477 1697 non
1495 1627 1653 1718 desunt‚·

354 1725 420 1821 qui
438 1750 557 1826 aque
583 1727 622 1823 in
657 1746 837 1813 manuum
866 1722 1136 1819 impositione,
1159 1745 1207 1798 ac
1242 1724 1280 1796 in
1308 1724 1649 1813 instrumentorum

354 1830 598 1921 porrectione
624 1830 887 1926 adaequatam,
919 1841 960 1899 ut
973 1825 1165 1922 Theologi
1195 1825 1300 1925 loqui
1333 1845 1496 1919 amant,
1523 1831 1648 1908 Sacra·

352 1932 477 2005 menti
491 1931 650 2008 Ordinis
663 1930 872 2006 materiam
891 1925 1139 2002 cdnstituuot.
1511 1998 1515 2003 .

408 2035 474 2105 lx.
500 2036 613 2129 Quod
631 2033 787 2106 tandem
812 2033 861 2105 ad
880 2033 1280 2128 Hypodiaconatnm,
1307 2031 1477 2130 aliosque
1501 2018 1663 2110 inferio?

350 2155 415 2207 res
433 2136 586 2209 ordines
602 2134 768 2224 attinet,
791 2131 1047 2226 inexplorato
1065 2143 1145 2221 est,
1160 2133 1407 2225 traditionem
1424 2134 1650 2212 iustrumen-

351 2249 509 2327 tornm,
543 2259 592 2311 acv
620 2233 770 2324 verba,
802 2257 884 2333 quae
910 2238 1001 2308 tunc'
1025 2233 1181 2308 recitari
1200 2234 1323 2310 solent
1337 2239 1592 2330 ,¹materiam,
1609 2252 1650 2316 et

351 2337 517 2415 formam
534 2337 742 2414 eorundem
760 2337 1003 2413 constituere.
1024 2337 1073 2412 ld
1090 2335 1209 2435 liquet
1232 2352 1315 2413 tum
1343 2360 1391 2412 ex
1408 2339 1530 2429 Cone.
1548 2342 1649 2419 Car·

352 2442 461 2539 thag'.
478 2441 530 2515 lV
549 2444 695 2530 Carnu,
710 2460 777 2529 vr,
793 2462 883 2531 νιι,
895 2461 1012 2530 cm,
1027 2454 1161 2531 et‘113
1190 2456 1272 2514 tum
1295 2465 1345 2516 ex
1360 2442 1649 2521 Pontificalibus

351 2542 658 2644 nequeahtiquis,
671 2565 717 2616 ac
735 2541 1010 2617 recentioribus
1025 2541 1209 2617 Ecolesiae
1217 2542 1494 2619 Occidentalis.
1505 2544 1586 2648 (**)
1598 2548 1647 2623 Et

352 2647 509 2749 quidem
524 2660 707 2744 quantum
724 2646 925 2720 attinetad
939 2647 1332 2744 Hypodiaoonatum,
1356 2644 1657 2742 benedictionis,-

329 2746 396 2823 'id
426 2759 498 2824 est·¹
510 2749 740 2843 precationis
766 2771 840 2823 uua
867 2770 955 2823 cum
989 2748 1091 2823 vasis
1125 2746 1327 2822 ministerii
1361 2750 1535 2825 meminit
1553 2752 1646 2849 Syn.

356 2848 482 2928 Tolet.
496 2852 589 2927 Vlll
613 2874 677 2933 an,
701 2849 778 2949 653
794 2849 892 2925 Can.
914 2872 981 2927 vr:
1014 2855 1129 2927 Sicut
1158 2853 1196 2923 ia
1228 2849 1442 2945 quibusdam
1464 2852 1656 2932 Eccleriiit

354 2970 527 3030 vetustas
544 2954 669 3027 tradit
690 2956 872 3049 antiqua,
895 2967 935 3027 et
951 2976 1063 3027 sacro
1078 2952 1310 3048 dignoscitur
1332 2956 1549 3031 consuetudo
1561 2956 1652 3033 suba

355 3070 464 3130 sture
473 3053 702 3158 prolatu.(*)
715 3055 834 3131 Porro
852 3056 889 3128 in
901 3053 1075 3130 Ecclesia
1091 3052 1231 3132 Graeca
1248 3056 1365 3131 etiam
1385 3079 1452 3152 per
1467 3055 1674 3139 manuum¹
1753 3083 1757 3091 ·

358 3156 642 3253 impositionem
659 3160 945 3264 conferuntur,
967 3159 1092 3253 uttex
1112 3158 1282 3251 ejusdem
1298 3158 1546 3259 Eucholngiis
1562 3185 1648 3261 per·

333 3280 480 3358 ⁴quam·
503 3263 747 3338 manifestum
772 3275 842 3338 est.
1556 3329 1559 3338 ,

410 3366 455 3436 Χ,
483 3363 610 3437 Solum
633 3363 869 3459 Episcopum
894 3365 981 3456 jure
1012 3360 1145 3438 diuino
1174 3363 1388 3461 legitimum
1418 3387 1501 3442 esse
1520 3392 1650 3446 sacrm

357 3464 608 3569 ordinationis
640 3464 856 3540 ministrum
875 3464 960 3540 fuse
982 3466 1249 3541 demonstrant
1264 3467 1475 3568 Theologi:
1498 3486 1538 3545 et
1556 3495 1651 3550 non·

357 3567 462 3643 nulla
481 3569 681 3644 nosetiam
697 3565 952 3644 delibavimus
961 3568 1175 3665 nuncuper.
1185 3566 1250 3645 ubi
1263 3587 1303 3645 et
1320 3571 1396 3646 late
1412 3574 1647 3670 explicatum

359 3667 550 3760 iuvenies,
569 3672 769 3769 quisnam,
793 3672 894 3768 quod
913 3672 964 3745 ad
979 3671 1274 3748 Ordinationem
1290 3676 1452 3765 attinet,
1475 3681 1651 3775 proprius

358 3773 536 3871 cujusque
552 3772 766 3870 Episcopus
796 3773 980 3847 dicendus
1008 3776 1070 3850 sit.
1099 3776 1197 3850 illud
1222 3776 1285 3851 hic
1309 3779 1494 3851 duntaxat
1521 3782 1653 3857 irrnue·

358 3897 401 3950 re
412 3877 549 3967 juvat,
576 3875 757 3950 nimirum
773 3874 1143 3972 Hypodiaconams,
1173 3879 1409 3975 aliorumque
1426 3879 1648 3961 inferiorum

359 3978 535 4052 ordinum
566 3978 816 4053 ministerium
848 3976 1005 4073 posse-d
1021 3980 1068 4052 R.
1084 3981 1266 4057 Pontifice
1297 3981 1462 4074 simplici
1486 3983 1664 4087 Presby-.

360 4094 452 4154 tero·
481 4080 661 4177 delegari.
702 4078 826 4156 Cone.
859 4076 1388 4175 Trid.Sers.'1a‘rrrRrfi
1419 4105 1502 4181 cup.
1536 4112 1583 4163 10
1609 4094 1657 4169 in.

359 4184 463 4256 hunc
494 4188 652 4259 modum
680 4182 880 4257 decernit:
907 4181 1155 4275 Abbatibus,
1188 4209 1233 4262 ac
1254 4184 1350 4259 aliis
1369 4186 1646 4289 quibuscunque,
1681 4270 1685 4278 ,

359 4289 593 4379 quantumuis
614 4290 799 4378 exemtis,
823 4309 890 4359 nou
918 4286 1034 4378 liceat
1058 4292 1096 4363 iu
1124 4303 1313 4382 posterum
1316 4339 1374 4363 .....
1375 4292 1486 4365 etiam
1508 4297 1544 4366 si
1563 4298 1646 4371 nul-

359 4383 432 4461 lius
448 4386 632 4463 Dioeccsis
645 4444 661 4477 .,
690 4390 888 4463 ecexeuti
907 4411 986 4463 esse
1005 4391 1205 4484 dicautur,
1233 4396 1425 4487 cuiquam,
1458 4398 1520 4488 qui
1534 4418 1646 4492 regu·
1758 4443 1761 4450 ,

359 4489 457 4670 Ιανῗ
470 4488 561 4594 ,gibi
573 4490 765 4574 subditus.
781 4515 848 4576 non
863 4497 945 4580 sit,
969 4487 1200 4671 ΙΤοησιινιιηις,
1226 4494 1288 4569 vel
1315 4497 1470 4572 minores
1500 4498 1646 4575 ordiner

385 4651 411 4674 .,
444 4615 510 4676 cm.
527 4593 588 4669 ll.
790 4621 793 4626 ⁴
1560 4620 1648 4673 ccu-
1725 4638 1728 4643 ·
