4034 5275
714 516 716 521 ·
748 461 888 554 .-Ltber
908 459 973 543 211.
996 461 1145 540 titulus
1169 464 1229 543 ΙΙ.

355 582 464 650 -natae
488 571 661 648 formula
678 569 831 645 ¹mentio
856 570 988 665 prima
1010 569 1178 644 occurrit
1209 570 1247 642 in
1275 567 1561 668 capitularibus
1580 575 1656 650 Re·

363 700 455 774 gum
477 667 611 752 Franc.
641 675 728 750 Lib.
745 672 816 744 VI
828 692 910 768 cap.
930 675 981 763 u,
1005 671 1071 746 ubi
1095 677 1176 748 haee
1199 669 1414 748 habentur:
1441 674 1504 750 De
1521 677 1652 773 quibus

363 780 509 854 dubium
520 799 609 869 est,
633 797 758 876 atrurn
769 779 846 852 sint
862 775 1083 870 baptizati,
1106 800 1154 849 an
1170 800 1236 850 nan
1254 832 1265 865 ‚
1288 778 1499 852 omnimodis
1516 779 1653 876 absque

362 887 455 956 onrni
472 884 641 978 scrupulo
658 881 925 974 baptizentur,
948 879 1009 952 his
1026 894 1146 953 tamen
1164 878 1292 955 uerbis
1306 885 1540 975 praemissis:
1566 887 1654 958 Non

352 997 404 1058 te
423 985 643 1082 rebaptizo:
672 983 738 1057 sed
766 982 979 1056 sinendum
1010 980 1231 1077 baptizatur
1263 1006 1329 1070 es,
1361 982 1516 1078 baptiza
1547 1000 1586 1060 te
1616 994 1654 1062 in

349 1092 495 1185 xnornine
508 1089 594 1164 .&c.
614 1089 728 1161 Porro
747 1089 829 1159 haec
848 1085 975 1181 praxis
993 1107 1117 1183 neque
1134 1087 1173 1158 in
1192 1083 1330 1159 Galliis
1348 1088 1477 1162 statim
1497 1089 1655 1162 univer·

356 1212 404 1264 se
421 1190 612 1265 obtinuit:
638 1188 733 1264 ibid.
752 1187 841 1262 Lib.
863 1185 912 1260 V
909 1186 956 1264 II
979 1207 1063 1290 cap.
1085 1209 1176 1285 391:
1200 1188 1252 1261 At
1276 1211 1367 1262 vero
1393 1190 1531 1288 ubique
1551 1190 1656 1265 obti-

364 1313 457 1368 nere
487 1294 636 1389 coepit,
675 1309 876 1388 postquam
907 1293 1072 1366 eandem
1102 1290 1410 1366 conditionatam
1449 1293 1655 1369 formulam

355 1396 593 1491 prescripsit
619 1395 841 1469 Alexander
867 1394 921 1467 lli
945 1391 1079 1486 Cape
1103 1392 1148 1467 de
1168 1393 1392 1486 Baptistae,
1417 1419 1491 1492 qua
1512 1399 1655 1472 Decre-

356 1497 429 1571 taii
453 1496 685 1573 Collectioni
709 1495 959 1595 Gregorianae
983 1496 1155 1586 inserta,
1178 1495 1309 1571 statim
1333 1521 1405 1592 pro
1427 1501 1514 1590 jure
1541 1505 1654 1574 eom'·

358 1603 464 1673 muni
488 1620 687 1697 receptum
707 1617 792 1689 est,
815 1618 857 1674 ut
887 1599 1039 1673 nonnisi
1063 1596 1133 1672 sub
1155 1599 1378 1681 conditione
1401 1600 1650 1679 Sacramenta
1734 1674 1748 1682 ..

357 1701 422 1778 illa
445 1704 494 1777 de
515 1705 665 1802 integro
691 1703 980 1790 conferrentur,
1002 1702 1052 1776 de
1073 1696 1207 1797 quibus
1225 1700 1383 1777 dubium
1401 1703 1531 1793 foret,
1555 1729 1648 1781 num

358 1805 485 1881 valide
509 1825 666 1904 recepta
685 1800 965 1905 iueriut;.(**)
993 1803 1032 1875 id
1056 1805 1156 1900 quod
1185 1821 1318 1899 aperta
1340 1807 1473 1880 docuit
1502 1808 1648 1904 Synod.

356 1907 526 1985 Dioeces.
550 1911 704 1984 Valent.
734 1931 798 1983 atr.
832 1925 940 1998 1255.
971 1905 1104 1979 Const.
1133 1905 1178 1980 de
1201 1907 1328 2000 forma
1359 1912 1583 2003 baptismi,
1613 1925 1654 1986 et

357 2009 485 2083 Tolet.
504 2036 567 2085 an.
590 2035 690 2110 1323
707 2011 806 2106 Cap.
826 2010 924 2086 XV:
951 2010 1027 2083 Ubi
1045 2007 1088 2080 de
1110 2009 1260 2102 aliquo,
1288 2032 1336 2083 aa
1356 2009 1578 2105 baptizatas
1596 2018 1653 2086 sit

358 2115 622 2188 verosimiliter
641 2117 880 2202 ¹irrueretur,
914 2111 986 2183 bac
1012 2110 1138 2201 fama
1169 2109 1364 2203 baptizari
1394 2112 1578 2214 jubetur:
1614 2115 1654 2191 Si

357 2209 669 2308 baptizatores,
702 2236 779 2287 non
809 2231 847 2284 te
881 2208 1066 2299 baptizo:
1094 2210 1161 2285 sed
1188 2214 1220 2284 si
1254 2208 1471 2308 baptizatus
1497 2224 1573 2290 non
1598 2240 1656 2310 es,

355 2336 430 2412 ego
453 2333 490 2390 te
513 2318 667 2414 baptizo
684 2315 724 2389 in
751 2314 905 2389 nomine
925 2313 1074 2401 Patris,
1098 2329 1136 2387 et
1161 2294 1273 2404 Filii,
1297 2332 1336 2388 et
1353 2315 1514 2411 Spiritus
1533 2319 1656 2394 Sanc·
1691 2324 1695 2329 ’

355 2418 399 2491 ti.
424 2417 571 2492 Videris
596 2424 701 2514 nujus
719 2417 806 2491 Lib.
823 2415 901 2490 Tit.
923 2413 994 2491 VI
1006 2468 1019 2503 ,
1040 2409 1096 2515 (*)
1117 2417 1220 2512 quod
1244 2423 1489 2511 postmodum
1513 2421 1652 2496 Ritus.

355 2519 433 2609 lia,
459 2537 498 2594 et
517 2523 707 2617 precipue
732 2522 948 2594 Romanum
974 2517 1302 2613 praescripserunt.
1332 2523 1375 2592 ln
1394 2522 1655 2601 sacramentis

355 2640 511 2715 autem,
536 2650 618 2723 que
644 2622 813 2721 pluribus
837 2638 1014 2696 constare
1033 2619 1212 2694 videntur
1236 2622 1431 2711 materiis,
1452 2650 1545 2721 quas
1560 2646 1652 2719 par·

355 2726 468 2801 tialer
485 2728 673 2826 Theologi
692 2743 858 2815 vocant,
881 2733 981 2798 hanc
1000 2723 1173 2820 regulam
1191 2723 1308 2798 tradit
1328 2726 1575 2803 innocentius
1595 2730 1649 2804 ΙΙΙ

356 2825 455 2923 Cap.
481 2854 495 2902 1
524 2831 572 2905 de
597 2830 851 2905 sacramentis
881 2850 957 2901 non
988 2827 1197 2901 iterandis:
1234 2828 1279 2901 In
1311 2827 1482 2921 talibus,
1512 2832 1649 2930 inquit,

356 2955 424 3003 nou
447 2948 508 3004 est
532 2936 675 3028 aliquid
695 2930 926 3020 iterandum,
952 2927 1022 3004 sed
1050 2946 1156 3005 caute
1185 2929 1447 3025 supplendum,
1476 2931 1569 3031 quod
1589 2942 1652 3016 in.
1755 2947 1761 2956 “

358 3048 468 3110 caute
487 3035 628 3126 fuerat
650 3037 959 3130 praeterrnisrum.
1645 3091 1651 3098 .

365 3194 367 3198 s
412 3136 459 3211 V.
487 3138 819 3213 Sacramentorum
853 3136 1034 3208 Minister
1061 3134 1277 3211 ordinarius
1316 3136 1655 3220 soltrsestParo·

359 3240 514 3313 chusia
551 3265 617 3315 sua
646 3241 858 3315 Parachia:
896 3237 1070 3318 Trident.
1109 3238 1216 3312 Sers.
1246 3259 1358 3312 earn
1386 3240 1477 3337 Ref.
1506 3266 1588 3340 cap,
1621 3272 1657 3343 t,

358 3343 423 3438 qui
452 3360 491 3416 et
515 3347 686 3437 proprius
708 3340 894 3417 Sacerdos
921 3359 1096 3433 respectu
1123 3343 1257 3434 populi·
1279 3342 1350 3414 sibi
1370 3350 1565 3420 commissi
1584 3370 1656 3424 vo·¹

320 3451 329 3459 “
360 3446 525 3516 caturia
549 3448 641 3541 Cap.
661 3444 797 3520 Omnis
822 3443 1013 3539 utriusque
1031 3465 1140 3515 sexus
1164 3444 1207 3515 de
1229 3445 1427 3521 Poenitent.
1449 3464 1486 3521 et
1512 3450 1654 3529 Remis.

365 3543 396 3619 U
434 3570 479 3620 ·e
515 3563 805 3628 sternumenta
838 3550 1120 3620 autonomastice
1160 3546 1291 3620 Pastor
1331 3550 1407 3622 diri
1442 3558 1654 3630 consuerit:

418 3652 454 3723 in
475 3652 509 3724 li
528 3652 619 3747 Syn.
639 3652 750 3722 Prov.
770 3650 896 3742 Neap.
915 3647 994 3720 Tit.
1018 3645 1092 3719 III
1110 3667 1190 3741 cap.
1213 3672 1228 3721 1
1257 3650 1503 3744 decernitur:
1534 3661 1654 3733 Nema

360 3745 496 3830 nudent
519 3757 597 3825 sine
625 3751 823 3826 Ordiaarii
842 3754 1024 3843 pertnitsu
1056 3765 1168 3823 extra
1191 3760 1448 3829 necessitatem
1469 3760 1506 3829 in
1533 3760 1658 3834 (aliena

361 3858 534 3931 Paroecr‘a
560 3854 808 3928 Sacramenta
832 3855 1060 3925 ministrare.
1088 3849 1168 3953 (**)
1196 3854 1366 3928 Perbelie
1392 3861 1440 3931 ad
1467 3882 1544 3932 rem
1573 3862 1656 3935 Ro·

362 3962 511 4034 dericus
529 3958 670 4032 Tellius
693 3958 729 4029 in
754 3957 898 4053 Synod.
915 3955 1124 4027 Tarracon.
1142 3980 1205 4029 an.
1229 3980 1351 4052 1291:
1378 3962 1497 4059 Quum
1519 3964 1656 4040 Eccle-

361 4065 524 4139 siastiea
547 4066 792 4142 Sacramenta
824 4062 902 4131 sint
931 4059 1227 4133 administranda
1257 4080 1323 4154 per
1353 4069 1541 4159 proprium
1573 4068 1656 4141 Sa.-

363 4158 543 4258 cerdntam
558 4164 676 4263 juata
699 4163 885 4237 Cananica
915 4175 1093 4248 statuta,
1122 4162 1240 4235 Sacri
1269 4165 1534 4261 adprobatione
1556 4170 1656 4244 Can·

323 4272 445 4343 acilii
475 4267 643 4340 (irruimus
673 4264 959 4361 prouidendum,
984 4267 1083 4359 =quad
1102 4265 1224 4337 nullus
1256 4269 1424 4344 Clericus
1449 4285 1655 4364 prasumat
1711 4303 1716 4310 ·

363 4371 591 4467 quodcunque
623 4362 905 4443 Sacramentum
936 4366 1244 4440 Ecclesiasticum
1275 4372 1388 4447 citeri
1424 4372 1660 4450 Parecbiane

363 4474 597 4569 atiquatenus
620 4476 837 4551 ministrare
867 4469 1003 4566 absque
1027 4470 1186 4646 licentip¹
1199 4477 1343 4573 proprii
1368 4472 1660 4650 Rectorisbreu

406 4645 408 4649 ,
430 4627 435 4648 .
1202 4596 1223 4645 a
1587 4585 1655 4653 idt-

1673 4829 1695 4860 ἱ

1712 4899 1715 4902 ’
1749 4912 1767 4943 ιι
