4034 5275
599 553 601 556 -
718 502 836 580 liber
867 503 926 580 II.
956 492 1105 579 Titulus
1135 502 1300 582 XVIII.
1554 504 1629 608 187

359 605 445 704 prie
461 604 612 686 Curato
630 608 832 685 dicuntur:
858 609 921 682 vel
940 610 989 682 ad
1011 602 1137 682 forum
1164 608 1432 685 tantummodo
1448 619 1651 689 externum

354 727 530 806 spectat,
555 715 637 786 sive
659 713 965 801 contentiosum
990 735 1065 807 quo
1085 711 1220 787 intuitu
1235 712 1451 805 jurisdictio
1467 714 1545 787 dici
1562 738 1654 792 con·

353 816 497 905 suevit,
515 831 553 890 et
569 818 721 890 nonnisi
740 816 949 912 improprie
964 812 1129 903 Curata,
1145 816 1269 910 aptius
1287 839 1378 889 vero
1394 817 1571 911 Duplicia
1586 821 1652 894 ads

351 917 560 1010 pellantur.
577 918 767 994 Beneficia
784 918 980 1012 Simplicia
1002 921 1234 1007 vocitantur,
1251 943 1334 1018 quae
1354 921 1390 992 in
1411 936 1545 994 neutro
1564 921 1649 1007 soro

350 1021 526 1114 regimen
546 1021 689 1096 habent
706 1022 939 1110 animarum,
957 1043 1080 1118 neque
1099 1022 1303 1116 populum,
1321 1039 1385 1096 aut
1400 1021 1556 1097 Clerum
1576 1027 1649 1099 ha·

350 1115 469 1213 beot,
483 1125 522 1196 in
538 1147 650 1219 quern
669 1125 884 1218 hujusmodi
900 1147 991 1198 cura
1005 1141 1245 1197 exerceatur:
1263 1124 1356 1218 Cap.
1373 1125 1443 1199 ult.
1459 1127 1501 1202 de
1521 1125 1646 1202 Praeb.

363 1304 367 1311 ,
402 1224 508 1301 XVl.
536 1228 621 1322 Jam
644 1250 736 1301 vero
765 1229 873 1322 plura
897 1227 961 1301 hic
989 1225 1256 1303 observanda:
1291 1253 1303 1300 t
1335 1227 1388 1301 Ut
1414 1227 1646 1306 Beneficium

337 1323 498 1402 ,dicatur
522 1327 707 1406 Curatum
725 1332 883 1403 omnino
910 1331 1138 1426 requiritur,
1163 1346 1203 1403 ut
1221 1352 1314 1403 cura
1335 1326 1549 1405 animarum
1570 1333 1643 1427 ipsi

346 1424 539 1505 Beneficio
563 1435 611 1506 sit
637 1450 822 1529 perpetuo
846 1435 1023 1522 adnexa,
1054 1428 1213 1531 eamque
1237 1432 1504 1507 Beneficiarius
1523 1433 1645 1511 libere

350 1550 533 1609 exercere
565 1537 697 1630 possit.
1408 1570 1414 1583 ·

300 1673 306 1711 z
336 1666 340 1672 ·
401 1653 426 1708 2
454 1634 772 1729 Cathedralium‚
795 1652 834 1711 et
851 1634 1153 1733 collegiatarum
1171 1634 1428 1711 Canonicatus
1445 1636 1645 1715 Beneficiis

343 1737 504 1834 quidem
519 1740 759 1838 simplicibus
772 1741 1024 1828 adcensendi3
1041 1740 1143 1813 haud
1158 1761 1249 1813 vero
1265 1741 1302 1812 in
1321 1741 1480 1814 materia
1495 1743 1644 1836 odiosa,

331 1836 401 1913 'ob
433 1862 564 1916 eorum
592 1845 867 1932 eminentiam,
895 1867 969 1941 qua
1005 1842 1096 1938 ipsis
1122 1865 1229 1938 paene
1262 1841 1510 1938 dignitatibus
1534 1868 1643 1919 com·

344 1945 475 2039 parari
492 1947 683 2022 videntur:
701 1946 794 2040 Cap.
810 1946 894 2040 4de
911 1942 1132 2021 Praebenu'is
1147 1949 1186 2018 in
1199 1946 1246 2021 V
1244 1949 1270 2020 I
1273 1971 1285 2037 ς
1303 1946 1342 2018 id
1356 1950 1458 2043 quod
1476 1945 1643 2041 probare

261 2086 265 2095 ·
346 2044 500 2121 videtur
527 2049 655 2142 Stylus
676 2051 723 2122 R.
746 2049 888 2123 Curiae.

359 2188 363 2195 ·
403 2170 425 2247 3
452 2150 694 2246 Simplicibus
707 2151 905 2226 Beneficiis
921 2149 1218 2224 adnumerandus
1233 2172 1382 2248 quoque
1397 2164 1482 2223 sunt
1497 2147 1642 2247 Capel-

345 2244 422 2340 lae,
456 2253 537 2327 sive
569 2251 825 2350 Capellaniae:
857 2253 907 2326 de
936 2251 1107 2347 Capellis
1141 2274 1345 2350 earumque
1373 2253 1521 2349 origine
1552 2242 1667 2329 satis'

343 2347 428 2428 Tit.
459 2356 528 2429 XI
552 2356 618 2430 hor
652 2356 795 2430 Libro:
828 2378 944 2452 porro
978 2355 1040 2428 vel
1071 2351 1231 2450 Capella
1263 2355 1459 2430 constituit
1490 2354 1642 2451 Corpus

279 2522 283 2529 .
342 2454 497 2549 perse,
521 2473 561 2532 et
577 2473 636 2533 est
654 2458 771 2534 veluti
789 2481 896 2531 sacra
915 2456 1101 2545 aedicula,
1122 2458 1319 2530 autetiam
1338 2457 1512 2532 Ecclesia
1531 2458 1554 2532 a
1572 2459 1641 2533 Pa-

343 2559 507 2634 rochiali
538 2564 733 2654 sejuncta,
755 2576 793 2632 et
815 2574 906 2632 tunc
938 2558 1090 2652 proprie
1117 2557 1277 2651 Capella
1305 2559 1472 2649 dicitur,
1500 2561 1638 2657 quique

344 2660 391 2734 ei.
403 2679 540 2758 praeest
561 2664 740 2738 Rectoris
758 2683 897 2735 nomen
922 2658 1065 2748 habet3
1091 2657 1153 2731 uel
1171 2656 1330 2755 Capella
1348 2661 1452 2735 aliud
1472 2684 1546 2734 uon
1566 2677 1639 2753 est,

344 2785 461 2860 quarn
489 2768 697 2856 sacellum,
720 2778 784 2840 aut
810 2764 930 2837 altare
959 2761 998 2833 in
1023 2761 1147 2856 aliqua
1174 2759 1347 2831 Ecclesia
1374 2780 1543 2838 erectum
1559 2774 1583 2843 ,“
1600 2777 1640 2847 et
1691 2783 1724 2861 j

345 2878 437 2943 tuuc
460 2871 614 2966 proprie
636 2866 861 2964 capellania
888 2863 1056 2950 dicitur,
1081 2860 1218 2959 quique
1235 2860 1271 2932 ei
1294 2873 1432 2953 praeest·
1456 2856 1642 2950 Capella·

347 2979 415 3044 nu's
435 2989 646 3065 perpetuus.
664 2967 745 3070 (³¹⁰⁸)
768 2972 871 3042 lnter
893 2968 961 3039 has
984 2965 1068 3039 alia
1090 2980 1202 3052 sunt,
1224 2985 1305 3061 quae
1326 2981 1374 3033 ex
1395 2959 1645 3034 fundatorum

348 3072 552 3148 voluntate
583 3071 863 3146 Institutionem
893 3067 1130 3142 Canonicam
1162 3088 1237 3137 non
1273 3065 1457 3160 exigunt,
1487 3077 1525 3135 et
1554 3079 1645 3135 ver-¹

351 3177 493 3249 naculo
523 3175 703 3274 loquendi
733 3174 847 3248 modo
870 3172 1045 3245 dicuntur
1070 3170 1277 3242 Purronnto
1310 3166 1357 3240 de.
1382 3166 1516 3263 Legos.
1546 3163 1644 3239 Alte

350 3294 440 3350 arnt
463 3278 676 3367 amobiles,
703 3301 785 3375 quae
819 3297 953 3348 revera
984 3271 1111 3365 potius
1138 3292 1252 3365 quarn
1277 3267 1538 3361 Capellaniae,
1568 3267 1649 3376 Lejj

284 3391 291 3404 '
350 3395 444 3477 gata
468 3382 533 3454 Pia
554 3381 716 3453 dicenda
734 3396 831 3452 sunt.
854 3375 950 3447 Aliae
973 3371 1135 3468 denique
1153 3383 1370 3465 perpetuae,
1395 3384 1434 3440 et
1455 3371 1514 3440 hae
1530 3367 1562 3439 si
1582 3365 1650 3439 trs-³

352 3482 600 3589 vestituram,
616 3506 681 3587 spu
700 3479 976 3555 Institutionem
994 3472 1229 3549 Canonicam
1249 3471 1467 3568 requirunt,
1487 3469 1649 3565 proprie·

291 3635 309 3660 t
355 3587 445 3671 runt
470 3585 717 3682 Capellaniae.
748 3583 849 3656 Hinc
872 3601 986 3677 quum
1011 3572 1191 3651 Ecclesiae
1217 3574 1340 3647 visum
1370 3570 1484 3645 fuerit
1512 3571 1645 3647 lunda·

359 3686 504 3761 toribus
525 3688 748 3780 indulgere,
766 3702 812 3756 ut
829 3701 1069 3779 quascunque
1087 3677 1230 3751 vellent
1251 3675 1548 3749 conditiones-in
1567 3672 1654 3748 Ca··=
1698 3742 1700 3745 Α

359 3775 609 3873 pellaurarum
625 3786 860 3860 institutione
876 3783 1110 3874 adjicerent,
1134 3778 1243 3874 plura
1262 3794 1346 3851 orta
1363 3792 1448 3849 sunt
1466 3775 1647 3880 Patrona·

360 3893 446 3967 tus,
473 3896 511 3954 et
530 3885 773 3955 vocationum
794 3892 958 3977 genera,
978 3877 1313 3979 consanguinitatis
1332 3876 1535 3963 nimirum,
1559 3885 1655 3953 suc·‘

325 4057 327 4062 ,
359 3982 565 4072 cessionis,
590 3983 720 4079 patriae
739 3982 814 4057 &c
834 3999 947 4077 prout
972 3984 1221 4080 unusquisque
1243 3984 1280 4055 in
1305 3981 1388 4077 ipsa
1413 3979 1652 4077 Capellaniae³

360 4086 554 4160 erectione
571 4085 876 4159 constituendum
902 4085 1132 4159 decreverit.
1151 4080 1209 4185 (³⁸)
1611 4096 1614 4100 ·
1649 4117 1653 4124 ·

284 4182 287 4187 ’
412 4208 440 4281 4
466 4189 639 4286 Denique
670 4186 860 4283 Simplicis
888 4186 1066 4262 Beneficii
1099 4209 1238 4259 nomen
1264 4185 1466 4283 aliquando
1496 4207 1540 4260 ea
1573 4207 1647 4261 no·

360 4290 465 4364 tione
487 4292 696 4385 accipitur,
714 4307 754 4363 ut
774 4289 1025 4379 Beneficium,
1041 4288 1142 4386 quod
1162 4289 1210 4361 ad
1229 4288 1469 4362 residendum
1489 4311 1564 4362 non
1583 4289 1656 4363 ad··

361 4393 540 4492 stringit,
570 4393 786 4491 significet:
821 4393 922 4463 unde
955 4391 1030 4465 alia
1059 4390 1213 4465 emersit
1242 4390 1516 4467 Beneficiorum
1545 4391 1648 4469 divi·

358 4495 420 4569 sio
436 4523 447 4583 ς
464 4497 650 4586 nimirum
675 4497 714 4570 iu
733 4493 1050 4587 [Resideutiarim
1072 4507 1112 4570 et
1133 4492 1341 4587 Simplicia.

382 4595 511 4673 ¹Toni.
530 4597 596 4675 II.
1196 4594 1260 4677 aa
1580 4594 1669 4666 ὮΚ-
