4034 5275
745 450 1271 531 ttber11.rnutus·nts1.·
1412 417 1433 430 ”
1465 419 1469 425 ’
1502 496 1505 501 =
1539 466 1612 564 165

421 554 484 633 xi.
510 552 648 635 Pietati
681 579 773 634 veto
804 557 841 630 in
873 555 1084 633 alienandis
1107 556 1383 637 Ecclesiasticis
1408 559 1520 641 bonis
1548 570 1652 648 locus

375 673 456 750 est,
487 683 604 760 quum
639 677 703 735 aut
732 675 891 757 urgente
920 659 1031 758 gravi
1071 661 1275 736 necesitate
1312 688 1496 771 pauperes
1525 671 1548 743 i
1579 677 1662 761 mir

371 760 478 836 seriis
512 779 599 838 sunt
631 759 885 853 sublevandi,
915 777 979 836 aut
1008 761 1221 838 redimendi
1254 766 1430 862 captivi,
1463 775 1652 867 sepelien-

369 863 461 938 dive
498 865 642 941 fideles.
671 865 706 939 S.
732 862 955 939 Ambrosius
985 886 1077 938 vasa
1110 888 1218 941 sacra
1254 866 1436 944 Ecclesiae
1465 875 1653 955 Mediolon

372 966 500 1041 nensis
539 966 756 1064 impendii,
795 985 836 1042 ut
870 966 1034 1062 captivis
1075 965 1292 1045 libertatem
1333 971 1559 1068 impartiret.
1605 984 1650 1057 ld

361 1071 469 1166 quod
487 1091 601 1168 quom
620 1069 739 1147 invidi
757 1068 912 1158 Ariani,
938 1069 1095 1165 perinde
1117 1092 1164 1144 ac
1193 1073 1339 1147 crimen
1361 1074 1441 1171 ipse
1458 1080 1648 1161 admissis·

363 1185 452 1259 set,
479 1175 748 1262 traducerent,
778 1193 936 1270 gravem
968 1193 1107 1268 prose
1139 1173 1289 1270 scripsit
1304 1176 1553 1275 Apologiam:
1586 1183 1649 1260 De

361 1271 487 1367 Officss
503 1273 590 1349 Lib.
607 1274 662 1348 ΙΙ
682 1293 762 1369 cap.
781 1278 859 1364 28,
891 1274 930 1347 in
953 1296 1026 1371 qua
1044 1274 1143 1348 inter
1160 1275 1237 1350 alia
1256 1278 1336 1350 haec
1355 1279 1486 1355 habet:
1502 1284 1647 1361 Aurum

360 1372 546 1451 -Ecctesta
574 1376 714 1465 babet,
741 1399 807 1449 non
824 1390 1005 1452 attornet
1022 1429 1034 1465 ,
1055 1376 1121 1451 sed
1140 1392 1183 1449 ut
1203 1393 1327 1473 eroget
1351 1383 1389 1456 in
1413 1389 1653 1460 necessituti-

360 1472 594 1554 bus....nonne
617 1481 784 1553 dicturus
808 1493 866 1553 est
874 1478 1079 1568 Dominus,
1109 1500 1197 1574 pour
1221 1498 1358 1574 passus
1385 1506 1425 1556 es
1447 1498 1506 1557 tot
1524 1489 1647 1583 inopes

358 1575 470 1669 farne.
486 1586 597 1655 emori
603 1582 619 1656 i
649 1597 688 1657 et
711 1597 812 1655 certe
836 1577 1164 1668 habebas-aurum,
1191 1581 1281 1656 unde
1303 1586 1556 1660 ministrasses
1570 1591 1648 1663 aii·

360 1692 525 1757 moniam.
558 1683 658 1782 pCur
686 1699 744 1757 tot
763 1686 909 1778 captiui
926 1681 1074 1755 deducti
1102 1685 1140 1753 in
1171 1688 1375 1759 commercio
1392 1702 1497 1779 sunt,
1512 1714 1575 1765 nec
1590 1714 1646 1769 re·

364 1781 480 1858 denti
505 1786 554 1860 ab
582 1785 683 1860 hoste
713 1787 824 1860 occisi
853 1783 961 1857 santi
992 1786 1116 1858 melius
1137 1785 1299 1878 fuerat,
1330 1803 1371 1860 ut
1395 1812 1491 1865 oasa
1519 1796 1647 1868 vicen·

360 1887 455 1959 tium
478 1910 741 1976 conservares,
763 1907 867 1982 quam
886 1886 1126 1960 metallorum.
1152 1887 1231 1960 His
1252 1913 1318 1961 non
1338 1906 1466 1984 posset
1499 1914 1650 1990 respou-

352 2009 439 2088 ,tum
466 1989 618 2083 referri.
644 1989 773 2088 gssutd
799 1991 891 2060 enirn
912 1987 1077 2063 diceres?
1105 1985 1228 2062 Timui
1248 2014 1290 2063 oe
1307 1995 1439 2086 templo
1455 1995 1531 2068 Dei
1544 2020 1647 2072 ornn-

346 2082 426 2164 'tur
450 2091 616 2169 deesset?
644 2090 923 2185 Responderet,
951 2111 1078 2163 aarum
1095 2089 1345 2164 Sacramenta
1372 2118 1438 2167 non
1466 2115 1644 2190 quierunt:

359 2214 472 2288 neque
489 2215 579 2270 azoro
605 2194 780 2290 placent,
808 2213 989 2286 qun'auro
1011 2215 1077 2266 non
1098 2207 1275 2267 emuntur.
1308 2197 1425 2269 Nemo
1442 2214 1568 2292 potest
1589 2201 1649 2274 di-

358 2315 470 2386 acre,
504 2320 591 2394 pour
617 2317 756 2392 pauper
784 2294 912 2368 siniti
944 2292 1062 2367 Nemo
1082 2304 1206 2389 potest
1234 2299 1355 2390 queri,
1372 2303 1483 2395 pquin
1500 2306 1648 2398 captiui

358 2397 516 2482 redemti
555 2396 914 2475 santi...„..Nemo
938 2410 1065 2494 potest
1100 2395 1247 2487 dolere,
1281 2401 1367 2493 quia
1397 2409 1433 2474 iu
1467 2405 1647 2498 sepulcris

356 2497 657 2576 Christianorum
686 2501 828 2595 requies
858 2513 916 2571 est
950 2498 1208 2591 defunctorum.
1241 2498 1366 2586 labis
1388 2501 1510 2577 tribus
1538 2528 1645 2600 gene-

356 2599 466 2676 ribus
479 2624 575 2677 vaso
589 2603 770 2678 Ecclesia
786 2601 899 2673 etiam
917 2601 1074 2672 initiato
1096 2598 1349 2696 confringere,
1369 2607 1543 2696 corpiore,
1557 2631 1647 2692 uene

356 2703 446 2778 dere
462 2705 563 2781 iicet.
589 2706 725 2779 Eidem
759 2703 841 2777 usui
866 2723 956 2777 vasa
988 2724 1095 2775 sacra
1125 2724 1274 2775 suarum
1290 2701 1549 2786 Ecclesiarum
1580 2712 1647 2785 ad.

354 2806 503 2881 -dis'tisse
519 2808 791 2907 Augustinum,
820 2804 1002 2879 Acacium
1021 2801 1252 2899 Episcopum
1271 2806 1436 2896 Amidae,
1448 2806 1648 2906 Cyrillu'm

358 2906 552 2984 Hierosoi.
581 2928 619 2985 et
644 2905 873 3007 Episcopum
903 2907 1094 3004 quendam
1123 2903 1348 3005 Carthagin.
1369 2911 1522 2985 nomine
1542 2915 1650 2990 Deo-

351 3010 501 3105 ‘gratias
527 3028 641 3086 testes
655 3028 738 3085 sunt
754 3008 1042 3085 luculentissimi
1059 3007 1245 3082 Possidius
1263 3009 1301 3083 in
1318 3008 1422 3083 Vita
1437 3014 1648 3110 Augustini

363 3131 543 3208 capoo4,
575 3115 748 3188 Socrates
771 3110 860 3185 Lib.
877 3110 924 3183 V
929 3113 954 3185 I
960 3110 986 3182 I
1003 3129 1082 3205 cop.
1096 3131 1179 3212 at,
1208 3110 1437 3188 Sozomenus
1466 3115 1554 3189 Lib.
1577 3116 1654 3194 IV

363 3232 444 3307 cap.
467 3238 544 3308 ας,
575 3234 614 3292 et
637 3217 772 3291 Victor
789 3214 893 3290 Utic.
920 3215 968 3287 de
992 3212 1098 3286 Bello
1115 3211 1281 3288 Vandal.
1307 3214 1431 3290 Lib.I
1460 3218 1647 3298 Bibliotb.

355 3316 473 3393 Patr.
488 3319 586 3393 Tom.
599 3318 707 3391 VII
725 3338 817 3414 pag.
836 3309 1140 3414 59r,·(**)Unde
1173 3314 1362 3411 integrum
1395 3319 1646 3415 eratEpisco·

355 3417 440 3509 pis,
459 3422 520 3493 vel
539 3422 575 3493 in
591 3422 869 3506 Ecclesiarum,
886 3431 951 3492 aut
966 3413 1288 3489 Monasteriorum
1311 3422 1647 3517 constructionem,

360 3521 424 3591 uel
443 3522 479 3595 in
499 3520 769 3598 subveniendis
780 3520 1038 3607 Clericorum,
1056 3532 1094 3591 et
1110 3538 1318 3612 pauperum
1335 3518 1571 3618 indigentiis,
1583 3530 1645 3603 vel

356 3618 398 3692 in
414 3626 648 3719 hospitandis
669 3619 897 3720 peregrinis,
914 3623 994 3695 sive
1013 3622 1050 3694 in
1067 3618 1150 3693 aliis
1168 3620 1207 3692 id
1221 3644 1342 3719 genus
1361 3622 1512 3717 pietatis
1526 3633 1647 3725 operi·

334 3719 429 3795 ·bus
464 3748 511 3798 ex
527 3724 709 3797 Ecclesiae
734 3722 844 3796 bonis
867 3724 1008 3819 aliquid
1030 3723 1262 3815 expendere:
1293 3724 1434 3821 Synod.
1451 3729 1645 3807 ‘soleant

357 3822 452 3898 Can.
482 3847 567 3917 ιιι,
599 3825 807 3900 dummodo
849 3823 1121 3914 detrimentum
1158 3847 1235 3898 non
1274 3826 1432 3900 inferret
1460 3828 1642 3911 Ecclesiae

355 3924 449 4001 Can.
463 3949 536 4020 ιν,
563 3950 651 4002 cum
673 3930 894 4001 hortamen
915 3925 1162 4016 discrimine,
1195 3926 1295 4025 quod
1314 3928 1352 3999 in
1370 3926 1641 4029 Ecclesiarum,

358 4032 422 4105 vel
452 4031 651 4128 sepulturae
680 4029 961 4105 constructione
991 4030 1239 4104 centesimam
1263 4032 1447 4107 duntaxat
1475 4056 1643 4133 partem;

357 4131 397 4208 in
415 4134 734 4208 Monasteriorum
769 4155 861 4207 vero
889 4131 1238 4230 quinquagesimam
1266 4132 1454 4208 insumere
1479 4157 1643 4233 poterat,

355 4250 400 4307 ut
420 4236 491 4309 hoc
512 4237 784 4331 temperamenti
806 4237 985 4330 nqutrore
1008 4248 1186 4324 seruata,
1207 4247 1245 4310 et
1265 4238 1328 4307 rui
1357 4236 1496 4311 tribuit
1514 4264 1645 4339 compe
1736 4320 1738 4323 .

358 4354 439 4411 tens
465 4336 668 4413 subsidium
691 4336 890 4430 conferat,
917 4350 956 4409 et
975 4337 1036 4407 cui
1069 4337 1175 4409 tollit
1192 4336 1326 4411 damno
1342 4342 1483 4435 grania
1499 4366 1565 4417 non
1584 4350 1645 4421 in„

345 4441 616 4538 fiigot3vut-ait
632 4440 724 4541 Syn.
740 4440 864 4529 Tolet.
881 4439 932 4514 tx
948 4433 1165 4616 Canarii}
1184 4513 1192 4533 „
1319 4473 1336 4508 t‘
1409 4508 1436 4516 ,,
1500 4500 1572 4639 „Q
1606 4505 1651 4629 d,

384 4598 393 4608 .,
494 4612 498 4621 ,
1176 4563 1199 4617 2
1577 4572 1622 4625 uo
