<?xml version="1.0" encoding="UTF-8"?>
<!DOCTYPE html PUBLIC "-//W3C//DTD XHTML 1.0 Transitional//EN"
    "http://www.w3.org/TR/xhtml1/DTD/xhtml1-transitional.dtd">
<html xmlns="http://www.w3.org/1999/xhtml" xml:lang="en" lang="en">
 <head>
  <title>
</title>
<meta http-equiv="Content-Type" content="text/html;charset=utf-8" />
  <meta name='ocr-system' content='tesseract 3.04.00' />
  <meta name='ocr-capabilities' content='ocr_page ocr_carea ocr_par ocr_line ocrx_word'/>
</head>
<body>
  <div class='ocr_page' id='page_1' title='image "./institutionumca00selvgoog_0256.png"; bbox 0 0 4034 5275; ppageno 0'>
   <div class='ocr_carea' id='block_1_1' title="bbox 318 535 1727 4713">
    <p class='ocr_par' dir='ltr' id='par_1_1' title="bbox 371 535 1708 1872">
     <span class='ocr_line' id='line_1_1' title="bbox 444 535 1650 636; baseline 0 -22"><span class='ocrx_word' id='word_1_1' title='bbox 444 557 571 636; x_wconf 80' lang='grc'>444</span> <span class='ocrx_word' id='word_1_2' title='bbox 779 535 1059 616; x_wconf 83' lang='lat' dir='ltr'>Institutionum</span> <span class='ocrx_word' id='word_1_3' title='bbox 1092 535 1356 618; x_wconf 75' lang='lat' dir='ltr'>canonicatum</span> <span class='ocrx_word' id='word_1_4' title='bbox 1475 556 1479 572; x_wconf 90' lang='lat'>·</span> <span class='ocrx_word' id='word_1_5' title='bbox 1646 612 1650 614; x_wconf 74' lang='grc'>,</span> 
     </span>
     <span class='ocr_line' id='line_1_2' title="bbox 419 641 1703 742; baseline 0.004 -25"><span class='ocrx_word' id='word_1_6' title='bbox 419 641 602 740; x_wconf 88' lang='lat' dir='ltr'>inscripta</span> <span class='ocrx_word' id='word_1_7' title='bbox 613 641 732 720; x_wconf 84' lang='lat' dir='ltr'>testis</span> <span class='ocrx_word' id='word_1_8' title='bbox 753 644 871 718; x_wconf 83' lang='lat' dir='ltr'>estS.</span> <span class='ocrx_word' id='word_1_9' title='bbox 897 645 1086 720; x_wconf 87' lang='lat' dir='ltr'>Paullinus</span> <span class='ocrx_word' id='word_1_10' title='bbox 1107 645 1281 720; x_wconf 86' lang='lat' dir='ltr'>Nolanus</span> <span class='ocrx_word' id='word_1_11' title='bbox 1311 643 1439 742; x_wconf 82' lang='lat' dir='ltr'>Epist.</span> <span class='ocrx_word' id='word_1_12' title='bbox 1473 657 1544 742; x_wconf 84' lang='lat' dir='ltr'>to,</span> <span class='ocrx_word' id='word_1_13' title='bbox 1569 648 1633 721; x_wconf 85' lang='lat' dir='ltr'>&#39;et</span> <span class='ocrx_word' id='word_1_14' title='bbox 1641 668 1703 722; x_wconf 80' lang='lat' dir='ltr'>ru.</span> 
     </span>
     <span class='ocr_line' id='line_1_3' title="bbox 399 741 1702 846; baseline 0 -26"><span class='ocrx_word' id='word_1_15' title='bbox 399 741 489 820; x_wconf 82' lang='lat' dir='ltr'>&#39;Uti</span> <span class='ocrx_word' id='word_1_16' title='bbox 513 771 659 846; x_wconf 90' lang='lat' dir='ltr'>quoque</span> <span class='ocrx_word' id='word_1_17' title='bbox 673 747 848 822; x_wconf 87' lang='lat' dir='ltr'>Basilicae</span> <span class='ocrx_word' id='word_1_18' title='bbox 871 748 1075 846; x_wconf 89' lang='lat' dir='ltr'>aliquando</span> <span class='ocrx_word' id='word_1_19' title='bbox 1097 748 1120 822; x_wconf 76' lang='lat' dir='ltr'>a</span> <span class='ocrx_word' id='word_1_20' title='bbox 1144 749 1218 821; x_wconf 89' lang='lat' dir='ltr'>suis</span> <span class='ocrx_word' id='word_1_21' title='bbox 1244 745 1523 824; x_wconf 86' lang='lat' dir='ltr'>Fundatoribus</span> <span class='ocrx_word' id='word_1_22' title='bbox 1545 747 1702 838; x_wconf 76' lang='lat' dir='ltr'>nomen,</span> 
     </span>
     <span class='ocr_line' id='line_1_4' title="bbox 419 847 1708 944; baseline 0.004 -25"><span class='ocrx_word' id='word_1_23' title='bbox 419 847 502 925; x_wconf 88' lang='lat' dir='ltr'>sive</span> <span class='ocrx_word' id='word_1_24' title='bbox 535 852 696 926; x_wconf 86' lang='lat' dir='ltr'>titulum</span> <span class='ocrx_word' id='word_1_25' title='bbox 719 865 896 925; x_wconf 88' lang='lat' dir='ltr'>mutuatae</span> <span class='ocrx_word' id='word_1_26' title='bbox 923 866 1033 926; x_wconf 91' lang='lat' dir='ltr'>sunt.</span> <span class='ocrx_word' id='word_1_27' title='bbox 1069 851 1280 944; x_wconf 89' lang='lat' dir='ltr'>cujusmodi</span> <span class='ocrx_word' id='word_1_28' title='bbox 1315 874 1405 926; x_wconf 91' lang='lat' dir='ltr'>sane</span> <span class='ocrx_word' id='word_1_29' title='bbox 1443 865 1498 924; x_wconf 93' lang='lat' dir='ltr'>est</span> <span class='ocrx_word' id='word_1_30' title='bbox 1529 850 1657 924; x_wconf 88' lang='lat' dir='ltr'>Basil</span> <span class='ocrx_word' id='word_1_31' title='bbox 1629 857 1708 924; x_wconf 79' lang='lat' dir='ltr'>lica</span> 
     </span>
     <span class='ocr_line' id='line_1_5' title="bbox 392 948 1697 1046; baseline -0.004 -15"><span class='ocrx_word' id='word_1_32' title='bbox 392 948 773 1041; x_wconf 70' lang='lat' dir='ltr'><em>Constantiniana,</em></span> <span class='ocrx_word' id='word_1_33' title='bbox 785 951 890 1028; x_wconf 85' lang='lat' dir='ltr'>Titnl</span> <span class='ocrx_word' id='word_1_34' title='bbox 890 977 931 1030; x_wconf 85' lang='lat' dir='ltr'>us</span> <span class='ocrx_word' id='word_1_35' title='bbox 949 951 1140 1042; x_wconf 81' lang='lat' dir='ltr'><em>Damasi,</em></span> <span class='ocrx_word' id='word_1_36' title='bbox 1162 955 1341 1046; x_wconf 80' lang='lat' dir='ltr'>Lucina,</span> <span class='ocrx_word' id='word_1_37' title='bbox 1367 953 1555 1028; x_wconf 84' lang='lat' dir='ltr'>Fasciola</span> <span class='ocrx_word' id='word_1_38' title='bbox 1570 949 1655 1028; x_wconf 76' lang='lat' dir='ltr'>tte.</span> <span class='ocrx_word' id='word_1_39' title='bbox 1695 976 1697 982; x_wconf 92' lang='lat'>·</span> 
     </span>
     <span class='ocr_line' id='line_1_6' title="bbox 417 1054 1707 1152; baseline -0.001 -24"><span class='ocrx_word' id='word_1_40' title='bbox 417 1089 430 1099; x_wconf 90' lang='lat'><strong>·</strong></span> <span class='ocrx_word' id='word_1_41' title='bbox 471 1056 537 1142; x_wconf 83' lang='lat' dir='ltr'>lll.</span> <span class='ocrx_word' id='word_1_42' title='bbox 565 1057 617 1131; x_wconf 87' lang='lat' dir='ltr'>At</span> <span class='ocrx_word' id='word_1_43' title='bbox 643 1055 808 1152; x_wconf 88' lang='lat' dir='ltr'>primum</span> <span class='ocrx_word' id='word_1_44' title='bbox 833 1077 897 1130; x_wconf 88' lang='lat' dir='ltr'>aa.</span> <span class='ocrx_word' id='word_1_45' title='bbox 927 1077 1002 1150; x_wconf 90' lang='grc'>444</span> <span class='ocrx_word' id='word_1_46' title='bbox 1026 1054 1121 1132; x_wconf 84' lang='lat' dir='ltr'>Can.</span> <span class='ocrx_word' id='word_1_47' title='bbox 1139 1077 1174 1128; x_wconf 75' lang='grc'>4</span> <span class='ocrx_word' id='word_1_48' title='bbox 1194 1056 1434 1131; x_wconf 87' lang='lat' dir='ltr'>Arausicnno</span> <span class='ocrx_word' id='word_1_49' title='bbox 1458 1056 1625 1132; x_wconf 87' lang='lat' dir='ltr'>occurrit</span> <span class='ocrx_word' id='word_1_50' title='bbox 1645 1057 1707 1148; x_wconf 76' lang='lat' dir='ltr'>Jus</span> 
     </span>
     <span class='ocr_line' id='line_1_7' title="bbox 419 1154 1708 1255; baseline -0.001 -24"><span class='ocrx_word' id='word_1_51' title='bbox 419 1154 612 1255; x_wconf 76' lang='lat' dir='ltr'>Episcopo</span> <span class='ocrx_word' id='word_1_52' title='bbox 636 1157 674 1231; x_wconf 89' lang='lat' dir='ltr'>iu</span> <span class='ocrx_word' id='word_1_53' title='bbox 698 1158 824 1232; x_wconf 91' lang='lat' dir='ltr'>alieno</span> <span class='ocrx_word' id='word_1_54' title='bbox 848 1158 1043 1232; x_wconf 86' lang='lat' dir='ltr'>territorio</span> <span class='ocrx_word' id='word_1_55' title='bbox 1072 1155 1287 1234; x_wconf 87' lang='lat' dir='ltr'>Ecclesiam</span> <span class='ocrx_word' id='word_1_56' title='bbox 1314 1159 1517 1234; x_wconf 86' lang='lat' dir='ltr'>aedificanti</span> <span class='ocrx_word' id='word_1_57' title='bbox 1544 1180 1708 1232; x_wconf 88' lang='lat' dir='ltr'>conces·</span> 
     </span>
     <span class='ocr_line' id='line_1_8' title="bbox 417 1257 1704 1361; baseline 0.002 -31"><span class='ocrx_word' id='word_1_58' title='bbox 417 1281 527 1351; x_wconf 91' lang='lat' dir='ltr'>sum,</span> <span class='ocrx_word' id='word_1_59' title='bbox 550 1278 592 1335; x_wconf 87' lang='lat' dir='ltr'>ut</span> <span class='ocrx_word' id='word_1_60' title='bbox 613 1259 785 1336; x_wconf 89' lang='lat' dir='ltr'>Clericus</span> <span class='ocrx_word' id='word_1_61' title='bbox 809 1259 848 1333; x_wconf 89' lang='lat' dir='ltr'>iu</span> <span class='ocrx_word' id='word_1_62' title='bbox 873 1260 1008 1336; x_wconf 80' lang='lat' dir='ltr'>eadem</span> <span class='ocrx_word' id='word_1_63' title='bbox 1027 1259 1202 1336; x_wconf 84' lang='lat' dir='ltr'>Ecclesia</span> <span class='ocrx_word' id='word_1_64' title='bbox 1224 1261 1460 1350; x_wconf 83' lang='lat' dir='ltr'>constituat,</span> <span class='ocrx_word' id='word_1_65' title='bbox 1485 1257 1564 1361; x_wconf 81' lang='lat'><em>(**)</em></span> <span class='ocrx_word' id='word_1_66' title='bbox 1586 1275 1625 1335; x_wconf 92' lang='lat' dir='ltr'>et</span> <span class='ocrx_word' id='word_1_67' title='bbox 1642 1282 1704 1334; x_wconf 87' lang='lat' dir='ltr'>or·</span> 
     </span>
     <span class='ocr_line' id='line_1_9' title="bbox 416 1360 1704 1461; baseline 0.005 -28"><span class='ocrx_word' id='word_1_68' title='bbox 416 1360 544 1452; x_wconf 87' lang='lat' dir='ltr'>diuet,</span> <span class='ocrx_word' id='word_1_69' title='bbox 574 1385 668 1461; x_wconf 88' lang='lat' dir='ltr'>quos</span> <span class='ocrx_word' id='word_1_70' title='bbox 692 1364 723 1436; x_wconf 89' lang='lat' dir='ltr'>si</span> <span class='ocrx_word' id='word_1_71' title='bbox 745 1363 868 1458; x_wconf 89' lang='lat' dir='ltr'>reipsa</span> <span class='ocrx_word' id='word_1_72' title='bbox 898 1364 1065 1437; x_wconf 89' lang='lat' dir='ltr'>ordinati</span> <span class='ocrx_word' id='word_1_73' title='bbox 1087 1367 1168 1458; x_wconf 87' lang='lat' dir='ltr'>jam</span> <span class='ocrx_word' id='word_1_74' title='bbox 1195 1362 1297 1452; x_wconf 88' lang='lat' dir='ltr'>sint,</span> <span class='ocrx_word' id='word_1_75' title='bbox 1322 1361 1372 1437; x_wconf 93' lang='lat' dir='ltr'>ab</span> <span class='ocrx_word' id='word_1_76' title='bbox 1395 1362 1591 1460; x_wconf 89' lang='lat' dir='ltr'><strong>Episcopo</strong></span> <span class='ocrx_word' id='word_1_77' title='bbox 1624 1372 1704 1439; x_wconf 64' lang='lat' dir='ltr'>tet·-</span> 
     </span>
     <span class='ocr_line' id='line_1_10' title="bbox 414 1463 1704 1568; baseline 0.002 -32"><span class='ocrx_word' id='word_1_78' title='bbox 414 1463 537 1540; x_wconf 86' lang='lat' dir='ltr'>titorii</span> <span class='ocrx_word' id='word_1_79' title='bbox 561 1489 635 1540; x_wconf 88' lang='lat' dir='ltr'>nou</span> <span class='ocrx_word' id='word_1_80' title='bbox 658 1466 905 1562; x_wconf 87' lang='lat' dir='ltr'>repellantur.</span> <span class='ocrx_word' id='word_1_81' title='bbox 932 1463 1158 1568; x_wconf 80' lang='lat' dir='ltr'>(*)ldem‘</span> <span class='ocrx_word' id='word_1_82' title='bbox 1143 1465 1237 1558; x_wconf 90' lang='lat' dir='ltr'>Juris</span> <span class='ocrx_word' id='word_1_83' title='bbox 1264 1466 1353 1539; x_wconf 90' lang='lat' dir='ltr'>dein</span> <span class='ocrx_word' id='word_1_84' title='bbox 1385 1480 1425 1542; x_wconf 86' lang='lat' dir='ltr'>et</span> <span class='ocrx_word' id='word_1_85' title='bbox 1446 1465 1554 1539; x_wconf 89' lang='lat' dir='ltr'>laicis</span> <span class='ocrx_word' id='word_1_86' title='bbox 1579 1464 1704 1539; x_wconf 90' lang='lat' dir='ltr'>tribu-</span> 
     </span>
     <span class='ocr_line' id='line_1_11' title="bbox 417 1566 1703 1670; baseline 0.001 -31"><span class='ocrx_word' id='word_1_87' title='bbox 417 1579 497 1640; x_wconf 89' lang='lat' dir='ltr'>tum</span> <span class='ocrx_word' id='word_1_88' title='bbox 515 1586 597 1660; x_wconf 83' lang='lat' dir='ltr'>est·</span> <span class='ocrx_word' id='word_1_89' title='bbox 623 1591 786 1670; x_wconf 87' lang='lat' dir='ltr'>namque</span> <span class='ocrx_word' id='word_1_90' title='bbox 807 1583 887 1642; x_wconf 86' lang='lat' dir='ltr'>turn</span> <span class='ocrx_word' id='word_1_91' title='bbox 907 1591 954 1642; x_wconf 83' lang='lat' dir='ltr'>ent</span> <span class='ocrx_word' id='word_1_92' title='bbox 972 1569 1066 1664; x_wconf 83' lang='lat' dir='ltr'>Lag.</span> <span class='ocrx_word' id='word_1_93' title='bbox 1082 1566 1229 1644; x_wconf 86' lang='lat' dir='ltr'><em>XLVI</em></span> <span class='ocrx_word' id='word_1_94' title='bbox 1242 1566 1333 1644; x_wconf 78' lang='lat' dir='ltr'>ent.</span> <span class='ocrx_word' id='word_1_95' title='bbox 1351 1568 1394 1642; x_wconf 86' lang='lat' dir='ltr'>de</span> <span class='ocrx_word' id='word_1_96' title='bbox 1419 1571 1649 1663; x_wconf 85' lang='lat' dir='ltr'>Episcopir,</span> <span class='ocrx_word' id='word_1_97' title='bbox 1663 1578 1703 1640; x_wconf 85' lang='lat' dir='ltr'>et</span> 
     </span>
     <span class='ocr_line' id='line_1_12' title="bbox 371 1664 1705 1768; baseline -0.001 -22"><span class='ocrx_word' id='word_1_98' title='bbox 371 1673 375 1679; x_wconf 78' lang='grc'><em>“</em></span> <span class='ocrx_word' id='word_1_99' title='bbox 415 1670 603 1762; x_wconf 86' lang='lat' dir='ltr'>Clericis,</span> <span class='ocrx_word' id='word_1_100' title='bbox 625 1689 705 1745; x_wconf 90' lang='lat' dir='ltr'>tum</span> <span class='ocrx_word' id='word_1_101' title='bbox 728 1693 775 1746; x_wconf 82' lang='lat' dir='ltr'>ex</span> <span class='ocrx_word' id='word_1_102' title='bbox 795 1671 1008 1768; x_wconf 84' lang='lat' dir='ltr'>Justiuiani</span> <span class='ocrx_word' id='word_1_103' title='bbox 1021 1670 1177 1746; x_wconf 85' lang='lat' dir='ltr'>Novell.</span> <span class='ocrx_word' id='word_1_104' title='bbox 1201 1669 1330 1750; x_wconf 87' lang='lat' dir='ltr'><em>LVII</em></span> <span class='ocrx_word' id='word_1_105' title='bbox 1342 1690 1425 1764; x_wconf 84' lang='lat' dir='ltr'>cap</span> <span class='ocrx_word' id='word_1_106' title='bbox 1443 1692 1490 1760; x_wconf 80' lang='lat' dir='ltr'>a,</span> <span class='ocrx_word' id='word_1_107' title='bbox 1517 1664 1705 1745; x_wconf 79' lang='lat' dir='ltr'><em>CXXIII</em></span> 
     </span>
     <span class='ocr_line' id='line_1_13' title="bbox 413 1771 1703 1872; baseline 0.002 -29"><span class='ocrx_word' id='word_1_108' title='bbox 413 1790 496 1865; x_wconf 80' lang='lat' dir='ltr'>cap.</span> <span class='ocrx_word' id='word_1_109' title='bbox 525 1776 597 1864; x_wconf 88' lang='lat'>18,</span> <span class='ocrx_word' id='word_1_110' title='bbox 627 1775 783 1872; x_wconf 89' lang='lat' dir='ltr'>aliisque</span> <span class='ocrx_word' id='word_1_111' title='bbox 804 1789 955 1848; x_wconf 84' lang='lat' dir='ltr'>constat</span> <span class='ocrx_word' id='word_1_112' title='bbox 976 1771 1266 1861; x_wconf 89' lang='lat' dir='ltr'>Ecclesiarum,</span> <span class='ocrx_word' id='word_1_113' title='bbox 1293 1773 1639 1861; x_wconf 88' lang='lat' dir='ltr'>Monasteriorum,</span> <span class='ocrx_word' id='word_1_114' title='bbox 1663 1782 1703 1867; x_wconf 89' lang='lat' dir='ltr'>et</span> 
     </span>
    </p>

    <p class='ocr_par' dir='ltr' id='par_1_2' title="bbox 318 1872 1727 4434">
     <span class='ocr_line' id='line_1_14' title="bbox 387 1872 1702 1965; baseline 0 -19"><span class='ocrx_word' id='word_1_115' title='bbox 387 1873 747 1960; x_wconf 24' lang='lat' dir='ltr'>,Xenodochiorum</span> <span class='ocrx_word' id='word_1_116' title='bbox 770 1876 991 1950; x_wconf 82' lang='lat' dir='ltr'>fundatores</span> <span class='ocrx_word' id='word_1_117' title='bbox 1013 1874 1236 1949; x_wconf 84' lang='lat' dir='ltr'>facultatem</span> <span class='ocrx_word' id='word_1_118' title='bbox 1265 1872 1470 1965; x_wconf 86' lang='lat' dir='ltr'>habuisse,</span> <span class='ocrx_word' id='word_1_119' title='bbox 1498 1889 1538 1948; x_wconf 92' lang='lat' dir='ltr'>ut</span> <span class='ocrx_word' id='word_1_120' title='bbox 1566 1895 1702 1948; x_wconf 61' lang='lat' dir='ltr'>eorune</span> 
     </span>
     <span class='ocr_line' id='line_1_15' title="bbox 318 1974 1700 2100; baseline 0 -50"><span class='ocrx_word' id='word_1_121' title='bbox 318 1977 321 1982; x_wconf 78' lang='grc'><strong>’</strong></span> <span class='ocrx_word' id='word_1_122' title='bbox 412 1977 502 2053; x_wconf 86' lang='lat' dir='ltr'>dem</span> <span class='ocrx_word' id='word_1_123' title='bbox 529 1979 894 2066; x_wconf 86' lang='lat' dir='ltr'>Administratores,</span> <span class='ocrx_word' id='word_1_124' title='bbox 923 1975 1151 2066; x_wconf 81' lang='lat' dir='ltr'>Praefectos,</span> <span class='ocrx_word' id='word_1_125' title='bbox 1182 1992 1221 2051; x_wconf 92' lang='lat' dir='ltr'>et</span> <span class='ocrx_word' id='word_1_126' title='bbox 1242 1974 1491 2100; x_wconf 78' lang='lat' dir='ltr'>Presbyteros</span> <span class='ocrx_word' id='word_1_127' title='bbox 1519 1976 1700 2074; x_wconf 86' lang='lat' dir='ltr'>designa·</span> 
     </span>
     <span class='ocr_line' id='line_1_16' title="bbox 409 2075 1697 2177; baseline 0 -24"><span class='ocrx_word' id='word_1_128' title='bbox 409 2098 518 2156; x_wconf 87' lang='lat' dir='ltr'>tent:</span> <span class='ocrx_word' id='word_1_129' title='bbox 543 2083 708 2177; x_wconf 89' lang='lat' dir='ltr'>idipsum</span> <span class='ocrx_word' id='word_1_130' title='bbox 733 2076 992 2156; x_wconf 74' lang='lat' dir='ltr'>lisculerit&#39;ius</span> <span class='ocrx_word' id='word_1_131' title='bbox 977 2075 1164 2156; x_wconf 74' lang='lat' dir='ltr'>sancitum</span> <span class='ocrx_word' id='word_1_132' title='bbox 1181 2078 1356 2155; x_wconf 83' lang='lat' dir='ltr'>occuirit</span> <span class='ocrx_word' id='word_1_133' title='bbox 1365 2080 1404 2153; x_wconf 90' lang='lat' dir='ltr'>in</span> <span class='ocrx_word' id='word_1_134' title='bbox 1422 2078 1598 2154; x_wconf 82' lang='lat' dir='ltr'>Concilio</span> <span class='ocrx_word' id='word_1_135' title='bbox 1616 2080 1697 2153; x_wconf 91' lang='lat' dir='ltr'>To·</span> 
     </span>
     <span class='ocr_line' id='line_1_17' title="bbox 410 2173 1699 2287; baseline -0.002 -31"><span class='ocrx_word' id='word_1_136' title='bbox 410 2183 538 2258; x_wconf 89' lang='lat' dir='ltr'>letauo</span> <span class='ocrx_word' id='word_1_137' title='bbox 571 2187 621 2258; x_wconf 88' lang='lat' dir='ltr'>lX</span> <span class='ocrx_word' id='word_1_138' title='bbox 644 2183 737 2261; x_wconf 86' lang='lat' dir='ltr'>Can.</span> <span class='ocrx_word' id='word_1_139' title='bbox 766 2204 807 2256; x_wconf 87' lang='grc'>44.</span> <span class='ocrx_word' id='word_1_140' title='bbox 837 2179 917 2287; x_wconf 79' lang='grc'>(**)</span> <span class='ocrx_word' id='word_1_141' title='bbox 945 2183 1086 2258; x_wconf 89' lang='lat' dir='ltr'>Teneri</span> <span class='ocrx_word' id='word_1_142' title='bbox 1117 2206 1193 2257; x_wconf 88' lang='lat' dir='ltr'>oon</span> <span class='ocrx_word' id='word_1_143' title='bbox 1227 2203 1452 2281; x_wconf 87' lang='lat' dir='ltr'>possumus,</span> <span class='ocrx_word' id='word_1_144' title='bbox 1479 2182 1568 2280; x_wconf 90' lang='lat' dir='ltr'>quin</span> <span class='ocrx_word' id='word_1_145' title='bbox 1594 2173 1699 2275; x_wconf 71' lang='grc'>4444-</span> 
     </span>
     <span class='ocr_line' id='line_1_18' title="bbox 409 2266 1699 2382; baseline -0.003 -22"><span class='ocrx_word' id='word_1_146' title='bbox 409 2287 497 2366; x_wconf 86' lang='lat' dir='ltr'>dem</span> <span class='ocrx_word' id='word_1_147' title='bbox 516 2287 699 2361; x_wconf 86' lang='lat' dir='ltr'>Canoais</span> <span class='ocrx_word' id='word_1_148' title='bbox 705 2300 926 2382; x_wconf 85' lang='lat' dir='ltr'>promamus</span> <span class='ocrx_word' id='word_1_149' title='bbox 934 2278 1127 2362; x_wconf 81' lang='lat' dir='ltr'>litteram</span> <span class='ocrx_word' id='word_1_150' title='bbox 1141 2266 1403 2375; x_wconf 85' lang='lat' dir='ltr'>Decernimns,</span> <span class='ocrx_word' id='word_1_151' title='bbox 1425 2282 1497 2374; x_wconf 83' lang='lat' dir='ltr'>aii,</span> <span class='ocrx_word' id='word_1_152' title='bbox 1514 2298 1556 2357; x_wconf 90' lang='lat' dir='ltr'>ut</span> <span class='ocrx_word' id='word_1_153' title='bbox 1575 2305 1699 2380; x_wconf 87' lang='lat' dir='ltr'>qnam·</span> 
     </span>
     <span class='ocr_line' id='line_1_19' title="bbox 412 2386 1703 2481; baseline 0.002 -22"><span class='ocrx_word' id='word_1_154' title='bbox 412 2387 476 2462; x_wconf 82' lang='lat' dir='ltr'>din</span> <span class='ocrx_word' id='word_1_155' title='bbox 504 2390 690 2462; x_wconf 85' lang='lat' dir='ltr'>eorundem</span> <span class='ocrx_word' id='word_1_156' title='bbox 711 2387 938 2480; x_wconf 80' lang='lat' dir='ltr'>fundatores</span> <span class='ocrx_word' id='word_1_157' title='bbox 963 2387 1259 2466; x_wconf 81' lang='lat' dir='ltr'>Ecclesinrom</span> <span class='ocrx_word' id='word_1_158' title='bbox 1244 2410 1282 2460; x_wconf 83' lang='lat' dir='ltr'>tn</span> <span class='ocrx_word' id='word_1_159' title='bbox 1312 2386 1382 2461; x_wconf 86' lang='lat' dir='ltr'>hac</span> <span class='ocrx_word' id='word_1_160' title='bbox 1404 2389 1490 2460; x_wconf 88' lang='lat' dir='ltr'>vita</span> <span class='ocrx_word' id='word_1_161' title='bbox 1518 2392 1703 2481; x_wconf 83' lang='lat' dir='ltr'>supersti-</span> 
     </span>
     <span class='ocr_line' id='line_1_20' title="bbox 408 2484 1699 2585; baseline 0.002 -23"><span class='ocrx_word' id='word_1_162' title='bbox 408 2503 468 2563; x_wconf 87' lang='lat' dir='ltr'>tes</span> <span class='ocrx_word' id='word_1_163' title='bbox 492 2495 739 2580; x_wconf 79' lang='lat' dir='ltr'>exstiterint,</span> <span class='ocrx_word' id='word_1_164' title='bbox 765 2509 835 2585; x_wconf 85' lang='lat' dir='ltr'>pto</span> <span class='ocrx_word' id='word_1_165' title='bbox 857 2484 991 2564; x_wconf 85' lang='lat' dir='ltr'>eisdem</span> <span class='ocrx_word' id='word_1_166' title='bbox 1016 2491 1109 2564; x_wconf 88' lang='lat' dir='ltr'>iocis</span> <span class='ocrx_word' id='word_1_167' title='bbox 1128 2509 1252 2564; x_wconf 87' lang='lat' dir='ltr'>curam</span> <span class='ocrx_word' id='word_1_168' title='bbox 1271 2490 1541 2583; x_wconf 77' lang='lat' dir='ltr'>permittantur</span> <span class='ocrx_word' id='word_1_169' title='bbox 1562 2488 1699 2564; x_wconf 84' lang='lat' dir='ltr'>habere</span> 
     </span>
     <span class='ocr_line' id='line_1_21' title="bbox 408 2589 1696 2688; baseline 0 -22"><span class='ocrx_word' id='word_1_170' title='bbox 408 2592 620 2685; x_wconf 78' lang='lat' dir='ltr'>solicitum,</span> <span class='ocrx_word' id='word_1_171' title='bbox 646 2608 686 2668; x_wconf 87' lang='lat' dir='ltr'>et</span> <span class='ocrx_word' id='word_1_172' title='bbox 708 2592 986 2670; x_wconf 76' lang='lat' dir='ltr'>solicitudinem</span> <span class='ocrx_word' id='word_1_173' title='bbox 1008 2592 1123 2685; x_wconf 81' lang='lat' dir='ltr'>ferte</span> <span class='ocrx_word' id='word_1_174' title='bbox 1138 2593 1388 2688; x_wconf 67' lang='lat' dir='ltr'>praecipuam,</span> <span class='ocrx_word' id='word_1_175' title='bbox 1379 2618 1386 2628; x_wconf 60' lang='grc'>’·</span> <span class='ocrx_word' id='word_1_176' title='bbox 1417 2595 1527 2687; x_wconf 80' lang='lat' dir='ltr'>atque</span> <span class='ocrx_word' id='word_1_177' title='bbox 1553 2589 1696 2666; x_wconf 83' lang='lat' dir='ltr'>Recrd-</span> 
     </span>
     <span class='ocr_line' id='line_1_22' title="bbox 408 2691 1702 2807; baseline 0.002 -40"><span class='ocrx_word' id='word_1_178' title='bbox 408 2717 469 2770; x_wconf 86' lang='lat' dir='ltr'>res</span> <span class='ocrx_word' id='word_1_179' title='bbox 496 2696 677 2773; x_wconf 89' lang='lat' dir='ltr'>idoneas</span> <span class='ocrx_word' id='word_1_180' title='bbox 662 2723 704 2773; x_wconf 87' lang='lat' dir='ltr'>tn</span> <span class='ocrx_word' id='word_1_181' title='bbox 725 2695 872 2771; x_wconf 87' lang='lat' dir='ltr'>eisdem</span> <span class='ocrx_word' id='word_1_182' title='bbox 878 2697 1066 2772; x_wconf 80' lang='lat' dir='ltr'>Basilicis</span> <span class='ocrx_word' id='word_1_183' title='bbox 1091 2694 1201 2769; x_wconf 89' lang='lat' dir='ltr'>iidem</span> <span class='ocrx_word' id='word_1_184' title='bbox 1218 2697 1292 2807; x_wconf 89' lang='lat' dir='ltr'>ipsi</span> <span class='ocrx_word' id='word_1_185' title='bbox 1313 2691 1473 2788; x_wconf 85' lang='lat' dir='ltr'>offerant</span> <span class='ocrx_word' id='word_1_186' title='bbox 1496 2693 1702 2789; x_wconf 79' lang='lat' dir='ltr'>Episcopis¹</span> 
     </span>
     <span class='ocr_line' id='line_1_23' title="bbox 407 2795 1709 2900; baseline 0.001 -30"><span class='ocrx_word' id='word_1_187' title='bbox 407 2797 641 2875; x_wconf 82' lang='lat' dir='ltr'>ordinandos.</span> <span class='ocrx_word' id='word_1_188' title='bbox 671 2798 790 2900; x_wconf 74' lang='lat' dir='ltr'>Quod</span> <span class='ocrx_word' id='word_1_189' title='bbox 813 2803 848 2874; x_wconf 86' lang='lat' dir='ltr'>si</span> <span class='ocrx_word' id='word_1_190' title='bbox 882 2799 944 2872; x_wconf 82' lang='lat' dir='ltr'>tal</span> <span class='ocrx_word' id='word_1_191' title='bbox 943 2822 982 2875; x_wconf 87' lang='lat' dir='ltr'>es</span> <span class='ocrx_word' id='word_1_192' title='bbox 1006 2796 1148 2892; x_wconf 85' lang='lat' dir='ltr'>forsan</span> <span class='ocrx_word' id='word_1_193' title='bbox 1171 2816 1246 2872; x_wconf 91' lang='lat' dir='ltr'>non</span> <span class='ocrx_word' id='word_1_194' title='bbox 1276 2801 1513 2872; x_wconf 85' lang='lat' dir='ltr'>inveniantur</span> <span class='ocrx_word' id='word_1_195' title='bbox 1544 2795 1594 2870; x_wconf 90' lang='lat' dir='ltr'>ab</span> <span class='ocrx_word' id='word_1_196' title='bbox 1624 2800 1709 2890; x_wconf 58' lang='lat' dir='ltr'>eitp·</span> 
     </span>
     <span class='ocr_line' id='line_1_24' title="bbox 406 2898 1697 2998; baseline 0 -27"><span class='ocrx_word' id='word_1_197' title='bbox 406 2913 497 2974; x_wconf 84' lang='lat' dir='ltr'>tuna</span> <span class='ocrx_word' id='word_1_198' title='bbox 511 2905 598 2998; x_wconf 83' lang='lat' dir='ltr'>qnos</span> <span class='ocrx_word' id='word_1_199' title='bbox 615 2902 857 2998; x_wconf 83' lang='lat' dir='ltr'>Episcopusl</span> <span class='ocrx_word' id='word_1_200' title='bbox 855 2924 910 2978; x_wconf 83' lang='lat' dir='ltr'>oct</span> <span class='ocrx_word' id='word_1_201' title='bbox 898 2901 1143 2998; x_wconf 80' lang='lat' dir='ltr'>probauerit</span> <span class='ocrx_word' id='word_1_202' title='bbox 1163 2898 1244 2975; x_wconf 89' lang='lat' dir='ltr'>Deo</span> <span class='ocrx_word' id='word_1_203' title='bbox 1258 2900 1452 2994; x_wconf 87' lang='lat' dir='ltr'>placitos,</span> <span class='ocrx_word' id='word_1_204' title='bbox 1472 2902 1598 2974; x_wconf 84' lang='lat' dir='ltr'>sacris</span> <span class='ocrx_word' id='word_1_205' title='bbox 1613 2899 1697 2973; x_wconf 84' lang='lat' dir='ltr'>cul</span> 
     </span>
     <span class='ocr_line' id='line_1_25' title="bbox 406 3001 1699 3099; baseline 0.002 -24"><span class='ocrx_word' id='word_1_206' title='bbox 406 3001 511 3076; x_wconf 83' lang='lat' dir='ltr'>tibur</span> <span class='ocrx_word' id='word_1_207' title='bbox 543 3008 721 3080; x_wconf 87' lang='lat' dir='ltr'>instituat</span> <span class='ocrx_word' id='word_1_208' title='bbox 749 3028 827 3079; x_wconf 88' lang='lat' dir='ltr'>cum</span> <span class='ocrx_word' id='word_1_209' title='bbox 853 3027 971 3080; x_wconf 77' lang='lat' dir='ltr'>eorsum</span> <span class='ocrx_word' id='word_1_210' title='bbox 1000 3005 1238 3081; x_wconf 84' lang='lat' dir='ltr'>conniventia</span> <span class='ocrx_word' id='word_1_211' title='bbox 1271 3004 1491 3077; x_wconf 85' lang='lat' dir='ltr'>seruiturus.</span> <span class='ocrx_word' id='word_1_212' title='bbox 1522 3001 1699 3099; x_wconf 78' lang='lat' dir='ltr'>Quodsi</span> 
     </span>
     <span class='ocr_line' id='line_1_26' title="bbox 405 3103 1696 3199; baseline 0.005 -22"><span class='ocrx_word' id='word_1_213' title='bbox 405 3108 545 3198; x_wconf 83' lang='lat' dir='ltr'>spretis</span> <span class='ocrx_word' id='word_1_214' title='bbox 565 3105 707 3180; x_wconf 84' lang='lat' dir='ltr'>eisdem</span> <span class='ocrx_word' id='word_1_215' title='bbox 733 3104 1032 3197; x_wconf 86' lang='lat' dir='ltr'>fundatoribus,</span> <span class='ocrx_word' id='word_1_216' title='bbox 1062 3104 1242 3180; x_wconf 86' lang='lat' dir='ltr'>Rectores</span> <span class='ocrx_word' id='word_1_217' title='bbox 1277 3103 1411 3177; x_wconf 87' lang='lat' dir='ltr'>ibidem</span> <span class='ocrx_word' id='word_1_218' title='bbox 1439 3107 1696 3199; x_wconf 74' lang='lat' dir='ltr'>presumserit</span> 
     </span>
     <span class='ocr_line' id='line_1_27' title="bbox 321 3202 1695 3306; baseline 0.001 -26"><span class='ocrx_word' id='word_1_219' title='bbox 321 3267 323 3270; x_wconf 93' lang='lat'>.</span> <span class='ocrx_word' id='word_1_220' title='bbox 405 3206 613 3303; x_wconf 81' lang='lat' dir='ltr'>Episcopus</span> <span class='ocrx_word' id='word_1_221' title='bbox 634 3206 833 3295; x_wconf 83' lang='lat' dir='ltr'>ordinare,</span> <span class='ocrx_word' id='word_1_222' title='bbox 855 3224 892 3282; x_wconf 91' lang='lat' dir='ltr'>et</span> <span class='ocrx_word' id='word_1_223' title='bbox 910 3205 1176 3281; x_wconf 84' lang='lat' dir='ltr'>ordinationem</span> <span class='ocrx_word' id='word_1_224' title='bbox 1196 3228 1298 3279; x_wconf 90' lang='lat' dir='ltr'>snam</span> <span class='ocrx_word' id='word_1_225' title='bbox 1320 3209 1478 3281; x_wconf 86' lang='lat' dir='ltr'>irritam</span> <span class='ocrx_word' id='word_1_226' title='bbox 1502 3202 1610 3306; x_wconf 90' lang='lat' dir='ltr'>(hoc</span> <span class='ocrx_word' id='word_1_227' title='bbox 1632 3220 1695 3283; x_wconf 86' lang='lat' dir='ltr'>est</span> 
     </span>
     <span class='ocr_line' id='line_1_28' title="bbox 404 3304 1694 3411; baseline 0.001 -29"><span class='ocrx_word' id='word_1_228' title='bbox 404 3304 735 3411; x_wconf 68' lang='lat' dir='ltr'>dominationem)</span> <span class='ocrx_word' id='word_1_229' title='bbox 754 3312 905 3385; x_wconf 85' lang='lat' dir='ltr'>novetit</span> <span class='ocrx_word' id='word_1_230' title='bbox 931 3331 1037 3399; x_wconf 88' lang='lat' dir='ltr'>esse,</span> <span class='ocrx_word' id='word_1_231' title='bbox 1067 3323 1105 3384; x_wconf 90' lang='lat' dir='ltr'>et</span> <span class='ocrx_word' id='word_1_232' title='bbox 1130 3308 1180 3383; x_wconf 90' lang='lat' dir='ltr'>ad</span> <span class='ocrx_word' id='word_1_233' title='bbox 1200 3308 1454 3386; x_wconf 86' lang='lat' dir='ltr'>uerecundiam</span> <span class='ocrx_word' id='word_1_234' title='bbox 1478 3313 1564 3397; x_wconf 87' lang='lat' dir='ltr'>sui,</span> <span class='ocrx_word' id='word_1_235' title='bbox 1596 3309 1694 3384; x_wconf 83' lang='lat' dir='ltr'>aiios</span> 
     </span>
     <span class='ocr_line' id='line_1_29' title="bbox 369 3409 1694 3507; baseline -0.004 -16"><span class='ocrx_word' id='word_1_236' title='bbox 369 3487 371 3491; x_wconf 12' lang='grc' dir='ltr'><em>Α</em></span> <span class='ocrx_word' id='word_1_237' title='bbox 403 3409 689 3502; x_wconf 68' lang='lat' dir='ltr'>iaeorumioco,</span> <span class='ocrx_word' id='word_1_238' title='bbox 710 3436 802 3507; x_wconf 84' lang='lat' dir='ltr'>qnos</span> <span class='ocrx_word' id='word_1_239' title='bbox 815 3410 924 3489; x_wconf 87' lang='lat' dir='ltr'>iidem</span> <span class='ocrx_word' id='word_1_240' title='bbox 947 3414 1021 3506; x_wconf 87' lang='lat' dir='ltr'>ipsi</span> <span class='ocrx_word' id='word_1_241' title='bbox 1036 3410 1263 3503; x_wconf 81' lang='lat' dir='ltr'>fundatores</span> <span class='ocrx_word' id='word_1_242' title='bbox 1284 3413 1479 3507; x_wconf 84' lang='lat' dir='ltr'>condignos</span> <span class='ocrx_word' id='word_1_243' title='bbox 1503 3410 1694 3506; x_wconf 83' lang='lat' dir='ltr'>elegerint,</span> 
     </span>
     <span class='ocr_line' id='line_1_30' title="bbox 402 3510 1692 3608; baseline -0.001 -20"><span class='ocrx_word' id='word_1_244' title='bbox 402 3515 585 3589; x_wconf 84' lang='lat' dir='ltr'>ordinari.</span> <span class='ocrx_word' id='word_1_245' title='bbox 616 3515 734 3587; x_wconf 88' lang='lat' dir='ltr'>Porro</span> <span class='ocrx_word' id='word_1_246' title='bbox 765 3515 848 3587; x_wconf 88' lang='lat' dir='ltr'>duae</span> <span class='ocrx_word' id='word_1_247' title='bbox 883 3515 921 3587; x_wconf 91' lang='lat' dir='ltr'>io</span> <span class='ocrx_word' id='word_1_248' title='bbox 955 3516 1031 3608; x_wconf 84' lang='lat' dir='ltr'>hoc</span> <span class='ocrx_word' id='word_1_249' title='bbox 1057 3511 1216 3587; x_wconf 79' lang='lat' dir='ltr'>Conone</span> <span class='ocrx_word' id='word_1_250' title='bbox 1249 3511 1526 3591; x_wconf 60' lang='lat' dir='ltr'>fundatoribus</span> <span class='ocrx_word' id='word_1_251' title='bbox 1540 3510 1692 3587; x_wconf 77' lang='lat' dir='ltr'>tribut&#39;ae</span> 
     </span>
     <span class='ocr_line' id='line_1_31' title="bbox 402 3612 1690 3712; baseline 0.002 -25"><span class='ocrx_word' id='word_1_252' title='bbox 402 3633 488 3691; x_wconf 91' lang='lat' dir='ltr'>sunt</span> <span class='ocrx_word' id='word_1_253' title='bbox 520 3617 798 3712; x_wconf 79' lang='lat' dir='ltr'>praerogativae</span> <span class='ocrx_word' id='word_1_254' title='bbox 836 3640 851 3689; x_wconf 93' lang='lat'>1</span> <span class='ocrx_word' id='word_1_255' title='bbox 882 3615 968 3707; x_wconf 84' lang='lat' dir='ltr'>Qua</span> <span class='ocrx_word' id='word_1_256' title='bbox 995 3636 1036 3689; x_wconf 90' lang='lat' dir='ltr'>se</span> <span class='ocrx_word' id='word_1_257' title='bbox 1066 3615 1186 3688; x_wconf 90' lang='lat' dir='ltr'>veluti</span> <span class='ocrx_word' id='word_1_258' title='bbox 1222 3612 1439 3710; x_wconf 87' lang='lat' dir='ltr'>Syndicos,</span> <span class='ocrx_word' id='word_1_259' title='bbox 1473 3629 1512 3688; x_wconf 90' lang='lat' dir='ltr'>et</span> <span class='ocrx_word' id='word_1_260' title='bbox 1546 3612 1690 3690; x_wconf 80' lang='lat' dir='ltr'>tuto&#39;res</span> 
     </span>
     <span class='ocr_line' id='line_1_32' title="bbox 401 3714 1727 3814; baseline -0.001 -21"><span class='ocrx_word' id='word_1_261' title='bbox 401 3714 482 3793; x_wconf 87' lang='lat' dir='ltr'>tum</span> <span class='ocrx_word' id='word_1_262' title='bbox 508 3717 792 3806; x_wconf 87' lang='lat' dir='ltr'>Ecclesinrum,</span> <span class='ocrx_word' id='word_1_263' title='bbox 816 3718 897 3791; x_wconf 90' lang='lat' dir='ltr'>tum</span> <span class='ocrx_word' id='word_1_264' title='bbox 924 3718 1183 3791; x_wconf 89' lang='lat' dir='ltr'>ministrorum</span> <span class='ocrx_word' id='word_1_265' title='bbox 1210 3716 1430 3793; x_wconf 86' lang='lat' dir='ltr'>exhibeant.</span> <span class='ocrx_word' id='word_1_266' title='bbox 1456 3716 1692 3792; x_wconf 82' lang='lat' dir='ltr'>nPatroua</span> <span class='ocrx_word' id='word_1_267' title='bbox 1724 3810 1727 3814; x_wconf 81' lang='lat'>.</span> 
     </span>
     <span class='ocr_line' id='line_1_33' title="bbox 399 3818 1690 3918; baseline -0.002 -22"><span class='ocrx_word' id='word_1_268' title='bbox 399 3836 459 3896; x_wconf 89' lang='lat' dir='ltr'>tos</span> <span class='ocrx_word' id='word_1_269' title='bbox 476 3824 536 3915; x_wconf 91' lang='lat' dir='ltr'>jus</span> <span class='ocrx_word' id='word_1_270' title='bbox 567 3821 773 3910; x_wconf 81' lang='lat' dir='ltr'>uidelicet,</span> <span class='ocrx_word' id='word_1_271' title='bbox 799 3819 913 3918; x_wconf 81' lang='lat' dir='ltr'>idque</span> <span class='ocrx_word' id='word_1_272' title='bbox 941 3820 1177 3894; x_wconf 88' lang='lat' dir='ltr'>exclusivum</span> <span class='ocrx_word' id='word_1_273' title='bbox 1209 3818 1401 3917; x_wconf 87' lang='lat' dir='ltr'>Episcopo</span> <span class='ocrx_word' id='word_1_274' title='bbox 1432 3821 1690 3915; x_wconf 86' lang='lat' dir='ltr'>praesentnndi</span> 
     </span>
     <span class='ocr_line' id='line_1_34' title="bbox 379 3921 1691 4040; baseline -0.002 -41"><span class='ocrx_word' id='word_1_275' title='bbox 379 3924 573 3999; x_wconf 74' lang='lat' dir='ltr'>-Clericos</span> <span class='ocrx_word' id='word_1_276' title='bbox 600 3926 726 3999; x_wconf 89' lang='lat' dir='ltr'>eidem</span> <span class='ocrx_word' id='word_1_277' title='bbox 757 3921 1004 3997; x_wconf 89' lang='lat' dir='ltr'>ordinandos</span> <span class='ocrx_word' id='word_1_278' title='bbox 1021 3921 1219 3997; x_wconf 72' lang='lat' dir='ltr'>Ecclesia</span> <span class='ocrx_word' id='word_1_279' title='bbox 1247 3924 1340 3995; x_wconf 85' lang='lat' dir='ltr'>Haec</span> <span class='ocrx_word' id='word_1_280' title='bbox 1366 3921 1564 4040; x_wconf 80' lang='lat' dir='ltr'>perspicua</span> <span class='ocrx_word' id='word_1_281' title='bbox 1589 3936 1691 4015; x_wconf 83' lang='lat' dir='ltr'>suot,</span> 
     </span>
     <span class='ocr_line' id='line_1_35' title="bbox 399 4024 1689 4125; baseline -0.001 -26"><span class='ocrx_word' id='word_1_282' title='bbox 399 4027 522 4125; x_wconf 80' lang='lat' dir='ltr'>aeque</span> <span class='ocrx_word' id='word_1_283' title='bbox 552 4027 758 4124; x_wconf 89' lang='lat' dir='ltr'>ampliores</span> <span class='ocrx_word' id='word_1_284' title='bbox 787 4024 997 4100; x_wconf 85' lang='lat' dir='ltr'>Patronis</span> <span class='ocrx_word' id='word_1_285' title='bbox 980 4048 1043 4117; x_wconf 91' lang='lat' dir='ltr'>Jus</span> <span class='ocrx_word' id='word_1_286' title='bbox 1075 4025 1303 4097; x_wconf 86' lang='lat' dir='ltr'>hodiernum</span> <span class='ocrx_word' id='word_1_287' title='bbox 1333 4024 1604 4121; x_wconf 75' lang='lat' dir='ltr'>prerogativas</span> <span class='ocrx_word' id='word_1_288' title='bbox 1627 4039 1689 4098; x_wconf 91' lang='lat' dir='ltr'>at·</span> 
     </span>
     <span class='ocr_line' id='line_1_36' title="bbox 327 4125 1688 4227; baseline -0.002 -22"><span class='ocrx_word' id='word_1_289' title='bbox 327 4209 329 4214; x_wconf 70' lang='grc'>,</span> <span class='ocrx_word' id='word_1_290' title='bbox 397 4127 556 4216; x_wconf 81' lang='lat' dir='ltr'>tribuit,</span> <span class='ocrx_word' id='word_1_291' title='bbox 580 4152 694 4227; x_wconf 89' lang='lat' dir='ltr'>quam</span> <span class='ocrx_word' id='word_1_292' title='bbox 718 4125 901 4204; x_wconf 84' lang='lat' dir='ltr'>tribuisse</span> <span class='ocrx_word' id='word_1_293' title='bbox 922 4127 1015 4202; x_wconf 89' lang='lat' dir='ltr'>olim</span> <span class='ocrx_word' id='word_1_294' title='bbox 1040 4125 1213 4201; x_wconf 85' lang='lat' dir='ltr'>videmus</span> <span class='ocrx_word' id='word_1_295' title='bbox 1239 4127 1346 4221; x_wconf 74' lang='lat' dir='ltr'>praef.</span> <span class='ocrx_word' id='word_1_296' title='bbox 1370 4127 1463 4223; x_wconf 86' lang='lat' dir='ltr'>Syn.</span> <span class='ocrx_word' id='word_1_297' title='bbox 1491 4126 1618 4199; x_wconf 86' lang='lat' dir='ltr'>Tolet.</span> <span class='ocrx_word' id='word_1_298' title='bbox 1646 4139 1688 4202; x_wconf 93' lang='lat' dir='ltr'>ut</span> 
     </span>
     <span class='ocr_line' id='line_1_37' title="bbox 357 4226 1687 4362; baseline -0.005 -55"><span class='ocrx_word' id='word_1_299' title='bbox 357 4252 368 4264; x_wconf 69' lang='grc'><strong>“</strong></span> <span class='ocrx_word' id='word_1_300' title='bbox 396 4234 478 4352; x_wconf 85' lang='lat' dir='ltr'>ipsa</span> <span class='ocrx_word' id='word_1_301' title='bbox 507 4231 675 4306; x_wconf 81' lang='lat' dir='ltr'>Cononis</span> <span class='ocrx_word' id='word_1_302' title='bbox 697 4227 815 4306; x_wconf 87' lang='lat' dir='ltr'>verba</span> <span class='ocrx_word' id='word_1_303' title='bbox 839 4230 1036 4319; x_wconf 88' lang='lat' dir='ltr'>indicant,</span> <span class='ocrx_word' id='word_1_304' title='bbox 1064 4250 1146 4328; x_wconf 82' lang='lat' dir='ltr'>quae</span> <span class='ocrx_word' id='word_1_305' title='bbox 1171 4247 1300 4342; x_wconf 83' lang='lat' dir='ltr'>tameo</span> <span class='ocrx_word' id='word_1_306' title='bbox 1324 4226 1501 4304; x_wconf 86' lang='lat' dir='ltr'>nonnihil</span> <span class='ocrx_word' id='word_1_307' title='bbox 1524 4226 1687 4362; x_wconf 82' lang='lat' dir='ltr'>diflicul·</span> 
     </span>
     <span class='ocr_line' id='line_1_38' title="bbox 397 4329 932 4452; baseline -0.009 -41"><span class='ocrx_word' id='word_1_308' title='bbox 397 4337 508 4411; x_wconf 87' lang='lat' dir='ltr'>tatis</span> <span class='ocrx_word' id='word_1_309' title='bbox 503 4333 646 4409; x_wconf 89' lang='lat' dir='ltr'>indunt</span> <span class='ocrx_word' id='word_1_310' title='bbox 669 4332 851 4429; x_wconf 86' lang='lat' dir='ltr'>Espenio.</span> <span class='ocrx_word' id='word_1_311' title='bbox 876 4330 914 4431; x_wconf 82' lang='lat'>(*</span> <span class='ocrx_word' id='word_1_312' title='bbox 907 4329 932 4452; x_wconf 31' lang='grc' dir='ltr'>ι)</span> 
     </span>
    </p>

    <p class='ocr_par' dir='ltr' id='par_1_3' title="bbox 394 4431 1683 4711">
     <span class='ocr_line' id='line_1_39' title="bbox 408 4431 1683 4553; baseline -0.003 -40.87"><span class='ocrx_word' id='word_1_313' title='bbox 408 4434 517 4513; x_wconf 86' lang='lat' dir='ltr'>tv.</span> <span class='ocrx_word' id='word_1_314' title='bbox 546 4438 631 4543; x_wconf 66' lang='lat' dir='ltr'>jam</span> <span class='ocrx_word' id='word_1_315' title='bbox 657 4457 750 4511; x_wconf 89' lang='lat' dir='ltr'>vero</span> <span class='ocrx_word' id='word_1_316' title='bbox 771 4435 935 4553; x_wconf 84' lang='lat' dir='ltr'>sequutis</span> <span class='ocrx_word' id='word_1_317' title='bbox 959 4431 1196 4537; x_wconf 86' lang='lat' dir='ltr'>temporibus</span> <span class='ocrx_word' id='word_1_318' title='bbox 1219 4432 1420 4531; x_wconf 80' lang='lat' dir='ltr'>multiplex</span> <span class='ocrx_word' id='word_1_319' title='bbox 1449 4432 1600 4506; x_wconf 84' lang='lat' dir='ltr'>invecta</span> <span class='ocrx_word' id='word_1_320' title='bbox 1624 4442 1683 4508; x_wconf 85' lang='lat' dir='ltr'>est</span> 
     </span>
     <span class='ocr_line' id='line_1_40' title="bbox 387 4533 1679 4713; baseline -0.009 -93.935"><span class='ocrx_word' id='word_1_321' title='bbox 387 4542 725 4643; x_wconf 85' lang='lat' dir='ltr'>Jurrspatroaatus</span> <span class='ocrx_word' id='word_1_322' title='bbox 737 4537 916 4636; x_wconf 85' lang='lat' dir='ltr'>speciest·</span> <span class='ocrx_word' id='word_1_323' title='bbox 913 4533 1078 4613; x_wconf 86' lang='lat' dir='ltr'>scilicet</span> <span class='ocrx_word' id='word_1_324' title='bbox 1098 4554 1138 4613; x_wconf 91' lang='lat' dir='ltr'>ut</span> <span class='ocrx_word' id='word_1_325' title='bbox 1154 4536 1260 4613; x_wconf 87' lang='lat' dir='ltr'>aliud</span> <span class='ocrx_word' id='word_1_326' title='bbox 1277 4536 1327 4612; x_wconf 89' lang='lat' dir='ltr'>sit</span> <span class='ocrx_word' id='word_1_327' title='bbox 1346 4534 1679 4713; x_wconf 39' lang='grc' dir='ltr'>44444444ὲᾲ4ωᾶ</span> 
     </span>
    </p>

    <p class='ocr_par' dir='ltr' id='par_1_4' title="bbox 1573 4658 1650 4712">
     <span class='ocr_line' id='line_1_41' title="bbox 1573 4658 1650 4712; baseline -0.013 0"><span class='ocrx_word' id='word_1_328' title='bbox 1573 4658 1650 4712; x_wconf 80' lang='lat' dir='ltr'>aru</span> 
     </span>
    </p>
   </div>
   <div class='ocr_carea' id='block_1_2' title="bbox 0 0 2022 5275">
    <p class='ocr_par' dir='ltr' id='par_1_5' title="bbox 0 0 2022 5275">
     <span class='ocr_line' id='line_1_42' title="bbox 0 0 2022 5275; baseline 0 15"><span class='ocrx_word' id='word_1_329' title='bbox 0 0 2022 5275; x_wconf 95' lang='lat' dir='ltr'> </span> 
     </span>
    </p>
   </div>
  </div>
 </body>
</html>
