4034 5275
599 570 604 581 .
707 497 837 578 ·Liber
866 500 932 576 II..
953 500 1103 577 Titulus
1132 501 1277 582 XVII.
1547 524 1625 609 ·175

357 613 454 681 rum
480 608 528 680 e'x
555 598 731 685 omnibus
760 604 872 679 terris
899 618 1032 679 recens
1065 605 1251 696 excultis,
1281 631 1363 704 quae
1384 607 1565 685 Noouios
1593 609 1659 684 aci·

350 706 571 806 peliuntur.
600 709 643 781 ln
665 706 857 781 lndiarum
876 707 1015 805 Regnis
1035 709 1205 785 omnium
1229 711 1561 809 percipiendarum
1585 712 1657 784 de·

351 809 554 884 cimorum
581 812 642 903 jus
668 830 715 883 ex
740 808 961 904 Apostolica
992 810 1237 885 concessione
1261 796 1505 891 obtinuerunt
1531 813 1657 930 Reges

348 912 487 989 nostri
515 915 610 1008 Leg.
638 907 769 984 ITit.
789 909 900 985 XVI
922 910 1011 987 Lib.
1045 911 1230 1007 lReoop.
1255 912 1401 990 ladius.
1429 915 1496 989 sed
1521 914 1656 1005 tertiis,

350 1013 448 1088 sive
464 1010 610 1089 duabus
631 1013 740 1088 nonis
757 1011 927 1109 partibus
948 1011 1021 1089 sibi
1043 1017 1307 1089 tantummodo
1326 1018 1550 1106 reservatis,
1574 1039 1656 1090 me·

351 1115 572 1205 tonorum,
603 1131 642 1190 et
670 1137 909 1213 gemmarum
936 1115 1105 1192 decimus
1136 1117 1283 1215 integre
1307 1119 1545 1254 percipiunt·
1578 1117 1655 1194 Le·

350 1238 412 1347 ge
442 1210 556 1290 XIV
573 1217 682 1291 ibid.
695 1211 751 1316 (³¹²)

399 1319 504 1394 ·.XV
531 1319 583 1394 At
606 1319 841 1399 decimarum
859 1319 1117 1414 solutionemj
1120 1341 1185 1395 ure
1199 1323 1397 1397 communi
1414 1320 1660 1421 obstringun-

352 1432 435 1497 tur
447 1444 580 1496 omnes
609 1445 760 1518 prorsus
784 1420 1021 1513 Christiani,
1046 1440 1158 1520 atque
1179 1425 1276 1498 adeo
1300 1425 1417 1499 etiam
1440 1426 1586 1521 Judaei,
1611 1449 1658 1500 ac

357 1521 538 1622 Pergam,
553 1525 601 1598 si
632 1526 682 1599 de
711 1523 954 1620 praediuiibus
985 1547 1111 1599 sermo
1142 1527 1219 1616 sit,
1236 1527 1403 1698 lpraediis
1433 1527 1534 1599 enim
1567 1528 1657 1622 ipsis

314 1648 315 1655 ¹
356 1625 564 1717 adjacent:
593 1627 687 1721 Cap.
718 1626 793 1716 16,
821 1642 859 1700 et
891 1627 1029 1722 passim
1057 1627 1122 1701 bos
1153 1629 1252 1704 titul
1252 1653 1284 1700 o.
1306 1623 1386 1729 (**)
1410 1628 1453 1700 ld
1478 1630 1579 1726 quod
1609 1630 1658 1702 de

359 1729 548 1823 praediis,
575 1751 657 1826 quae
684 1728 787 1824 prius
816 1729 963 1802 fuerant
990 1727 1324 1820 Christianorum,
1349 1745 1388 1803 et
1415 1732 1464 1804 de
1492 1731 1659 1804 Novali·

357 1826 690 1907 busconstitutum
705 1846 761 1905 est
777 1833 815 1904 in
831 1830 999 1928 Compil.
1018 1833 1078 1929 Jo.
1092 1831 1208 1904 Teres
1223 1832 1311 1905 Lib.
1328 1835 1400 1907 III
1409 1831 1488 1906 Tit.
1502 1831 1662 1907 XVIII

317 1999 324 2006 .
365 1953 451 2029 cap.
473 1954 509 2009 u.
536 1935 660 2013 Immo
679 1934 728 2007 ad
753 1935 922 2008 decimas
939 1933 1140 2008 solvendus
1161 1936 1329 2008 censuris
1347 1950 1501 2029 possunt
1523 1933 1658 2009 Chris·

371 2034 469 2108 tiani
498 2034 703 2129 compelli.
721 2034 828 2128 ..Cap
857 2057 906 2126 5,
935 2051 974 2109 et
999 2035 1024 2107 6
1048 2036 1091 2110 de
1113 2033 1307 2123 Decimis,
1336 2050 1374 2109 et
1404 2041 1496 2130 Leg
1526 2035 1573 2104 V
1597 2035 1661 2109 Ti,

369 2137 450 2216 tulo
472 2137 577 2211 XIII
598 2137 747 2210 Partis.
779 2136 832 2226 I,
859 2154 898 2210 et
928 2137 1081 2234 quidem
1106 2152 1194 2211 aute
1223 2138 1425 2211 deductum
1459 2137 1661 2233 Reguluriae

370 2233 440 2311 bus
468 2235 772 2313 mendicantibus
802 2236 919 2313 tribui
947 2240 1098 2312 solitam
1128 2239 1437 2334 eleemosyzuam
1471 2239 1608 2313 Sortes.
1635 2239 1662 2313 I

371 2335 451 2413 Tit.
476 2337 524 2412 V
542 2340 631 2417 Lib.
663 2343 689 2416 I
715 2341 830 2438 vulgo
861 2342 985 2415 Autos
1015 2341 1249 2416 Aaoudados.
1280 2338 1661 2443 (²¹²)Quininsmoju·

370 2460 412 2517 re
446 2443 642 2518 communi
672 2443 789 2522 esiam
820 2445 1059 2531 Monuchos,
1092 2461 1129 2518 et
1162 2445 1402 2540 Regulares
1404 2445 1465 2517 ad
1489 2445 1660 2520 decimus

369 2545 641 2638 persolvendas
659 2544 780 2618 teneri
795 2561 942 2617 certum
960 2545 1118 2617 omuino
1134 2562 1215 2617 est.
1236 2547 1342 2639 Cap.
1349 2567 1375 2637 4
1396 2534 1486 2619 ibid·
1509 2542 1588 2645 (³⁸³¹)
1608 2546 1658 2627 Et

395 2648 563 2721 uidem
552 2663 723 2744 integre:
747 2646 835 2740 Syn
852 2645 993 2720 Vallis
996 2647 1088 2720 olet
1111 2644 1204 2740 Cap·
1225 2646 1317 2720 XII
1337 2648 1395 2719 his
1421 2645 1573 2720 verbis:
1601 2637 1682 2737 Us'x

362 2669 553 2840 beantes,
586 2773 677 2845 quas
708 2748 873 2821 diuersis
902 2750 1017 2821 mariis
1051 2747 1238 2847 Religiosi
1274 2752 1337 2821 ia
1333 2749 1477 2822 dandis
1508 2748 1660 2836 decimis

369 2854 582 2924 animalium
598 2909 609 2940 ,
624 2865 662 2925 et
679 2855 792 2924 noval
793 2854 864 2924 iam
881 2848 1058 2923 adhibeat
1076 2850 1102 2923 ei
1122 2851 1330 2938 Praelatio,
1347 2865 1386 2923 et
1404 2848 1660 2938 Ecclesiarum

370 2950 594 3027 Rectoribus
617 2956 765 3024 cautius
793 2956 1005 3042 evitentur
1040 2955 1267 3041 statuimus,
1293 2966 1335 3024 ut
1357 2968 1552 3047 postquam
1579 2954 1659 3029 Re·
1708 2968 1717 2973 “

371 3054 504 3150 ligiosi
516 3074 582 3148 pes
601 3054 840 3128 Dioecesauos
860 3058 1032 3149 requisita
1027 3054 1222 3174 fuerim,
1244 3073 1354 3175 super
1367 3055 1576 3176 fraudibus
1591 3058 1660 3134 hm

363 3157 526 3257 jusmodi
543 3156 751 3231 nullatenus
773 3156 1012 3245 adhibendis,
1041 3158 1129 3230 Rel'
1114 3159 1228 3251 ugiosi
1250 3162 1351 3253 ipsi,
1373 3163 1500 3252 qai
1457 3158 1492 3229 br
1482 3160 1660 3257 rjusmodi

364 3256 527 3348 fraudes
544 3262 811 3347 commiseriat,
833 3266 871 3331 ia
888 3257 1060 3347 Synodis
1069 3260 1257 3351 Episcopo
1259 3259 1381 3346 libus,
1399 3277 1436 3333 et
1451 3263 1490 3331 io
1510 3262 1662 3379 majori-

370 3356 440 3430 bus
457 3360 581 3432 iocis
568 3378 729 3451 zpsarum
748 3359 955 3433 Diaecesum
974 3362 1272 3433 excommunicate
1266 3358 1392 3452 pubi‘
1377 3381 1432 3432 see
1448 3358 1660 3437 o'eauatieu·

315 3497 320 3503 ·
365 3474 458 3541 tur..
470 3460 525 3532 Et
535 3460 772 3534 nihilomiuus
791 3462 918 3537 Prlaae
920 3460 1274 3536 tiCoastitutionem
1285 3461 1362 3554 fe
1348 3483 1419 3534 scus
1433 3462 1661 3539 recordata>
1708 3473 1728 3564 Ι

370 3586 429 3635 ms
445 3521 808 3636 Dombucemems
823 3562 1014 3657 PapaeV
1032 3584 1112 3658 quae
1127 3565 1280 3657 sucepit
1304 3563 1659 3661 Religiosiquicuu·

369 3685 442 3761 que
457 3682 565 3755 super
582 3664 647 3734 boa
663 3663 801 3735 editam
816 3688 893 3736 cusu
908 3666 965 3739 tu
964 3669 1109 3760 igentia
1125 3684 1381 3759 exsequantur.
1395 3666 1506 3756 Quod
1525 3684 1562 3741 et
1584 3668 1659 3742 Re·

369 3762 883 3861 gesnosttiratumhabuere:
895 3767 989 3859 Leg
1005 3766 1054 3838 II
1064 3766 1141 3840 Tit.
1147 3765 1196 3838 V
1208 3769 1294 3842 Lib.
1308 3766 1334 3839 I
1341 3767 1443 3843 Nou
1457 3766 1593 3863 Recop.
1600 3769 1656 3873 (*)

422 3865 524 3939 XVl
553 3863 670 3938 Porro
695 3863 877 3939 abunere
902 3869 1107 3962 prestandi
1135 3869 1305 3944 decimas
1326 3885 1450 3963 potest
1473 3870 1555 3970 quis
1573 3875 1660 3946 exi-

373 3968 429 4041 mi
454 3967 517 4041 vel
545 3989 592 4041 ex
616 3967 846 4063 privilegio,
877 3969 940 4041 vei
969 3990 1016 4042 ex
1041 3972 1351 4067 prescriptione,
1381 3973 1443 4045 vei
1467 3994 1514 4045 ex
1536 3992 1664 4070 pacto.

369 4072 431 4143 Ac
457 4071 581 4165 primo
600 4092 645 4142 ex
665 4071 867 4188 privilegio
886 4072 1053 4146 Romani
1069 4072 1261 4148 Pontificis
1284 4073 1483 4148 innocenti
1503 4075 1535 4151 11
1556 4101 1663 4172 pror·

367 4193 435 4246 sus
469 4196 491 4245 a
525 4173 686 4246 decimis
715 4174 857 4247 exemti
895 4174 1079 4250 declarati
1110 4192 1196 4249 sunt
1227 4177 1526 4267 cisterciensem
1558 4184 1660 4277 quod

350 4288 508 4368 ·postea
537 4274 792 4372 privilegium
814 4278 865 4348 ita
897 4281 1138 4368 restrictum,
1169 4296 1209 4354 ut
1240 4296 1390 4354 exemto
1422 4303 1495 4354 non
1520 4302 1657 4373 essent,

367 4396 490 4478 neque
516 4377 658 4470 praedia
682 4394 767 4471 post
789 4375 1006 4453 Concilium
1025 4334 1201 4455 Lateban
1227 4382 1515 4478 lVadqnisi'tu,
1536 4406 1657 4481 neque

365 4490 437 4568 ea,
461 4500 543 4576 quae
568 4478 631 4554 vei
655 4479 705 4554 ab
722 4480 807 4557 aliis
830 4481 1029 4574 locarent,
1053 4483 1117 4559 vel
1141 4484 1226 4560 aliis
1256 4485 1420 4560 colenda
1442 4488 1653 4561 traderent.
