4034 5275
438 529 517 604 204
791 508 1066 590 Institutionum
1097 502 1361 590 Cononicurum

416 615 555 789 unioqe
573 608 823 708 incumbunt,
846 616 891 689 iis
909 613 960 692 ab
983 617 1069 692 eod
1091 616 1198 714 Supr.
1220 617 1355 693 Senatu
1373 615 1621 759 praescriptis
1622 613 1699 758 Ca·

419 736 510 789 nour
541 740 595 790 us.

476 840 492 890 1
523 819 635 910 Quod
657 819 838 893 Parochis
861 842 942 917 prae
963 820 1045 895 aliis
1071 819 1232 896 clericis
1253 821 1358 896 unita
1381 820 1570 899 Beneficia
1592 821 1706 914 adju·

420 920 614 1008 dicentur,
632 938 743 1017 prout
759 923 931 998 decrevit
948 923 1039 1022 Syn.
1057 925 1229 998 Trident.¹
1245 924 1355 1000 Sess.
1367 942 1448 995 unt
1462 921 1551 1016 Ref.
1568 941 1650 1016 cop.
1668 940 1705 1014 ς.

422 1037 462 1099 et
473 1026 554 1117 jnm
572 1023 721 1117 pridem
738 1023 968 1100 Vallis-olet.
985 1027 1077 1120 Cap.
1095 1026 1200 1102 XIX
1216 1027 1273 1100 his
1292 1023 1434 1101 verbis:
1455 1025 1501 1097 In
1520 1023 1706 1098 Ectlesiis

423 1128 462 1199 in
484 1124 613 1247 quibus
632 1123 816 1220 Beneficia
832 1125 993 1205 indebite
1008 1145 1093 1204 sunt
1110 1127 1265 1202 dimisso
1277 1150 1413 1224 ,quum
1431 1145 1457 1222 p
1458 1127 1600 1202 intimis
1623 1123 1708 1202 Cle·

422 1229 518 1316 uicis
542 1230 704 1321 ipsorum
729 1228 991 1304 Ecclesiurum
1001 1254 1068 1304 non
1091 1231 1283 1326 sufficiant
1301 1227 1542 1322 facultates,
1566 1226 1708 1324 quondo

339 1346 344 1363 ·
418 1331 606 1422 portiones
625 1329 826 1433 hujusmodi
843 1353 979 1406 uocare
993 1335 1219 1428 contigerit,
1235 1334 1431 1420 uniantur,
1455 1349 1499 1406 et
1509 1329 1708 1427 adsignen-

423 1443 490 1504 tur
514 1429 656 1506 Curato
680 1430 786 1506 donec
805 1436 1049 1526 provisionem
1076 1433 1234 1509 babeant
1257 1446 1525 1528 competentem.
1546 1431 1621 1507 Vel
1637 1432 1708 1506 de‘·

331 1622 335 1629 ⁵
423 1531 635 1609 finientibus
652 1533 847 1610 Beneficiis
869 1538 1042 1654 quaedam
1066 1557 1114 1611 ex
1133 1536 1327 1623 Decimis,
1357 1550 1421 1607 aut
1441 1533 1620 1607 Primitiis
1636 1535 1708 1608 de·

426 1635 543 1727 dueta
568 1638 694 1733 portio
714 1637 957 1733 designetur
984 1639 1039 1712 utr
1055 1640 1190 1712 eadem
1206 1638 1297 1735 Syn
1321 1636 1493 1710 Trident
1510 1635 1714 1712 constituit

423 1735 531 1811 Sess
553 1759 661 1811 1117
675 1737 765 1829 Ref.
789 1758 869 1834 cap.
892 1763 961 1838 13,
987 1742 1208 1840 usquedum
1229 1740 1373 1814 reditus
1391 1739 1562 1813 Parocho
1582 1737 1716 1836 adsig-

290 1920 292 1923 ,
423 1838 505 1913 nati
532 1855 671 1914 statuta
701 1859 954 1959 exsuperent,
982 1843 1121 1919 nedum
1151 1856 1374 1939 exaequent,
1394 1862 1631 1958 congruam,
1662 1859 1718 1914 eo

423 1940 525 2037 quod
552 1941 616 2017 ille
644 1938 695 2016 ob
721 1945 863 2036 majus,
892 1944 1029 2040 quod
1020 1965 1058 2017 tn
1082 1934 1276 2018 Ecclesia
1274 1943 1490 2017 ministeriu
1511 1941 1715 2017 servitium

425 2043 639 2138 impendit,
670 2061 708 2119 et
731 2068 806 2144 quo
826 2045 942 2164 possit
958 2045 1178 2164 urgentibus
1201 2045 1521 2121 parochianorum
1543 2043 1716 2119 necessi·

382 2192 386 2200 -
425 2145 566 2220 tatibus
585 2147 813 2236 subvenire,
832 2148 970 2243 potiori
987 2150 1122 2244 dignus
1144 2149 1527 2233 sitremuneratione.
1543 2147 1607 2220 Ad
1627 2160 1713 2223 rein

358 2246 362 2253 ’
427 2246 520 2340 Syn.
546 2248 881 2323 Vallis-oletlaud.
899 2247 995 2345 Cap.
1017 2250 1255 2338 Statuimus,
1277 2267 1318 2322 ut
1336 2253 1374 2321 in
1393 2247 1556 2342 qualibet
1574 2248 1715 2323 Eccle-

426 2352 486 2419 sia
515 2356 575 2421 uni
600 2348 701 2423 Cura
723 2353 841 2442 ipsius
862 2348 1046 2423 Ecclesiae
1065 2348 1332 2444 principaliter
1352 2369 1420 2444 per
1444 2350 1726 2445 consequen

432 2447 477 2524 de
490 2451 579 2540 ¹J'ure
599 2453 761 2544 pertinet
782 2453 1058 2541 committatur,
1085 2454 1144 2524 oui
1163 2471 1231 2546 per
1245 2452 1517 2546 prouidentiam
1549 2453 1716 2526 Praelatl

353 2592 357 2599 ·
428 2551 564 2626 taliter
588 2550 862 2675 provideatur,
892 2552 986 2650 quod
1015 2551 1059 2627 de
1085 2552 1269 2628 reditibus
1293 2553 1476 2627 Ecclesia
1501 2555 1624 2647 possit
1653 2554 1715 2627 bo·

428 2674 530 2729 nesse
555 2658 710 2746 uiuere,
744 2674 782 2733 et
808 2677 917 2741 orrera
944 2654 1084 2746 Curre,
1111 2657 1255 2732 etalio
1288 2654 1533 2732 incumbentia
1560 2675 1713 2805 suppot-

430 2772 529 2831 tore.

433 2880 512 2933 2
532 2859 586 2934 U
572 2875 811 2977 tquantum
835 2858 918 2933 fieri
951 2858 1100 2954 possit,
1131 2858 1350 2949 Beneficia,
1383 2858 1447 2934 vel
1480 2798 1713 2980 Capelianiat

311 3037 324 3050 ‚‚
362 2956 366 2964 ’
429 2973 537 3035 extra
562 2962 784 3036 Ecclesiae
774 2985 810 3035 tn
830 2958 1000 3060 quibus
989 2960 1167 3035 rustitutae
1186 2976 1279 3037 sunt
1292 2984 1367 3038 non
1384 2962 1615 3052 educantur
1640 2962 1712 3036 nisi

429 3063 557 3135 forsan
582 3086 651 3159 pro
680 3063 879 3139 Seminarii
903 3056 1139 3159 Episcopalis
1170 3065 1288 3153 dote,
1320 3084 1601 3160 pauperumque
1634 3061 1712 3138 Ec·

429 3165 629 3239 elesiarum
654 3162 824 3253 fabrica,
847 3165 1128 3280 Hospitalium,
1158 3166 1392 3263 aliorumque
1414 3166 1454 3238 id
1482 3186 1600 3261 genus
1626 3166 1712 3261 pio-

430 3289 520 3342 rum.
543 3289 702 3364 0perum
725 3266 1041 3355 conservatione,
1063 3277 1109 3340 a'c
1136 3268 1207 3340 nisi
1233 3267 1307 3341 alia
1335 3288 1412 3340 non
1437 3280 1613 3363 suppetat
1634 3269 1713 3361 via,

430 3393 504 3468 qua
526 3392 694 3468 congrua
716 3369 885 3443 Parncho
906 3369 1374 3466 sustentatioadsignetur.
1601 3391 1604 3396 ·
1702 3411 1706 3418 ·

484 3496 506 3569 3
535 3473 649 3561 Quod
677 3470 891 3559 Beneficia,
919 3483 958 3543 et
986 3468 1243 3565 capellanie,
1247 3492 1343 3566 quae
1371 3469 1523 3588 teptiarq
1545 3488 1621 3545 ndu
1643 3472 1711 3548 ha·

431 3569 584 3646 iruerint
604 3594 780 3667 congruae
799 3587 945 3667 partem
957 3572 1066 3662 Juxta
1081 3569 1227 3645 Bullam
1249 3571 1459 3646 iunocentii
1474 3573 1563 3644 Xlll
1582 3572 1713 3667 Apos-

431 3675 539 3748 tolici
560 3674 773 3747 Ministerii
788 3674 1103 3769 supprimantur,
1126 3675 1178 3748 ita
1206 3688 1246 3747 ut
1271 3670 1545 3747 Beneficiorum
1567 3673 1710 3751 reditus

430 3777 743 3863 Seminariorum,
758 3774 1012 3850 Ecclesiarum
1029 3774 1299 3873 indigentium,
1313 3776 1591 3868 Puroehorum,
1608 3778 1712 3870 puel·

430 3875 553 3957 laium
569 3880 853 3974 orphanarum,
876 3876 1154 3969 Hospitalium,
1175 3893 1239 3950 aut
1258 3877 1475 3949 inferiorum
1493 3876 1711 3954 scholarum

430 3984 512 4059 doti
537 3987 791 4077 deputentur,
816 3977 1124 4073 Capelianiarum
1147 3999 1247 4052 vero
1259 3977 1437 4061 fruetus
1427 4000 1464 4049 sn
1483 3979 1627 4075 Legata
1645 3978 1712 4056 Pia

430 4086 666 4172 reserantur,
696 4084 785 4179 quin
811 4102 873 4155 ex
880 4101 926 4153 eo
943 4080 1043 4168 illis,-
1070 4079 1132 4177 qui
1158 4081 1292 4152 horum
1315 4079 1619 4163 Beneficiorum,
1642 4094 1709 4157 aut

397 4191 402 4203 '
429 4184 735 4283 capellaniarum
759 4184 901 4257 reditus
926 4182 1162 4279 percipient,
1191 4178 1241 4255 ab
1264 4199 1434 4263 onerum
1439 4181 1514 4255 illis
1537 4182 1711 4271 adjecto·

431 4314 516 4365 rum
544 4284 816 4381 adimpletione
843 4288 1474 4382 dispensentur...

482 4416 523 4487 4
536 4391 596 4462 Ad
625 4387 821 4461 unionem
830 4389 959 4462 liberae
986 4386 1207 4461 collationis
1228 4386 1502 4461 Beneficiorum
1533 4325 1710 4482 Capituli

428 4492 610 4571 Ecclesiae
628 4490 869 4566 Cathedralis
884 4492 1062 4593 adsensus
1078 4504 1318 4586 expectetur,
1336 4489 1416 4564 uisi.
1422 4488 1621 4565 contraria
1630 4488 1710 4563 fue-·

893 4643 901 4658 .
1416 4609 1419 4614 ·
1622 4591 1708 4665 rit
