4034 5275
388 465 440 588 p6
727 466 1008 543 Institutionum
1024 462 1291 543 canonicarum

354 574 437 649 nist
431 568 681 669 procedente
698 570 977 663 informatione,
993 592 1071 665 qna
1080 570 1125 645 de
1135 585 1384 664 personarunt
1378 546 1656 660 qualitatem

357 688 473 747 stata
489 679 626 748 certior
636 674 736 769 fiat,
760 698 837 748 eam
853 673 1086 766 facultatem
1102 668 1432 744 nemthconceaat
1456 668 1610 769 Cujus
1593 693 1655 753 ιιι,

355 775 622 869 formationis,
647 793 685 852 et
713 800 835 852 cansae
859 779 1041 849 examinis
1065 772 1293 855 Notarius
1278 796 1316 844 ιιι
1347 774 1432 866 ipsa
1452 768 1654 863 facultate

360 884 569 987 metationem
579 880 736 973 faciat,
753 906 774 953 ιι
778 883 889 976 lioan
884 877 1119 951 multandus
1134 875 1326 951 omnibos'
1309 876 1506 967 impensis,
1519 898 1602 995 qnae
1616 884 1654 955 in

360 966 507 1077 negotio
525 983 722 1058 tractando
740 982 812 1058 ob
799 985 917 1076 ipsios
931 985 1108 1055 irronriom
1123 976 1231 1071 flent.
1253 974 1470 1067 Paroahns,
1501 980 1565 1073 qni
1585 978 1655 1063 bos

362 1082 510 1157 decreto
525 1110 590 1157 non
607 1090 798 1181 paruerit,
813 1086 930 1160 decem
948 1083 1070 1157 libras
1083 1107 1124 1155 so
1127 1081 1227 1155 l.oat
1235 1078 1292 1181 (²⁸)

414 1189 479 1259 Χι
507 1188 661 1263 Psroch=
658 1212 697 1261 ns
724 1188 835 1262 alteri
856 1187 1054 1261 Sacerdoti
1087 1184 1308 1259 facultatem
1335 1180 1548 1257 adsistendi
1564 1181 1655 1269 Ma·

361 1287 569 1408 trimonio,
601 1293 681 1364 sive
700 1292 870 1386 scripto,
892 1291 972 1362 sive
997 1310 1096 1363 voce
1124 1287 1210 1359 dele
1238 1307 1304 1361 are
1334 1299 1479 1379 potest:
1504 1298 1655 1363 atvero

360 1392 583 1488 requiritur,
599 1411 640 1465 ut
658 1394 697 1467 id
716 1391 913 1488 speciatim
932 1392 1140 1487 exprimat.
1131 1310 1285 1489 ’(*ιξιιι
1302 1390 1405 1482 quod
1423 1389 1656 1484 praescripsit

360 1491 420 1587 Jo.
434 1494 786 1590 Archiepiscopus
772 1496 922 1567 Tolet'
914 1517 951 1567 ιιι
968 1495 1061 1591 Syn.
1075 1515 1139 1567 an.
1160 1512 1257 1587 13²3
1273 1488 1372 1583 Cap
1384 1487 1507 1578 XII,
1526 1505 1569 1565 ut
1582 1490 1655 1567 Pa

361 1598 501 1675 rochus
535 1599 647 1672 alteri
680 1597 796 1693 possit
816 1598 941 1670 Missae
969 1595 1148 1691 nuptialis
1180 1592 1482 1667 celebrationem
1509 1591 1659 1691 delega-

360 1696 475 1798 re,(*
477 1696 493 1799 )
516 1702 655 1774 adeunt
671 1724 717 1773 ex
736 1700 1005 1774 nonnullorum
1025 1697 1212 1771 sententia
1245 1695 1336 1769 satis
1368 1697 1459 1767 data
1480 1714 1558 1779 non
1575 1718 1660 1770 cen·

361 1817 513 1890 seatnr,
538 1804 569 1875 si
587 1803 778 1876 Parochus
809 1803 1021 1898 generatim
1042 1798 1156 1874 alicui
1185 1799 1252 1871 det
1278 1796 1501 1871 facultatem
1524 1799 1657 1875 omnia

360 1898 936 1997 Sacramenta,administrandi.
964 1903 1178 1997 Episcopus
1205 1899 1322 1973 etiam
1343 1920 1419 1972 non
1439 1899 1557 1971 modo
1574 1900 1657 1997 ipse

360 2001 623 2093 Matrimoniis
658 2030 723 2103 per
748 2006 964 2079 universam
987 2005 1196 2080 Dioecesim
1225 2002 1409 2076 adsistere
1427 2006 1577 2095 potest,
1592 2025 1657 2080 ve,

361 2125 515 2197 sumet
538 2111 650 2184 alteri
681 2108 797 2183 etiam
816 2108 1013 2181 Sacerdoti
1043 2108 1082 2179 id
1112 2107 1355 2180 committere
1380 2125 1457 2176 ιιοιι
1489 2118 1658 2197 vetatur,

362 2225 402 2282 et
433 2212 587 2306 quidem
620 2213 736 2286 etiam
773 2211 894 2282 invito
913 2211 1112 2283 parocho:
1142 2209 1180 2303 id
1197 2208 1298 2305 quod
1316 2205 1466 2279 nonnisi
1487 2226 1595 2297 raro,
1615 2225 1658 2287 et

361 2313 473 2406 gravi
504 2330 664 2409 urgente
689 2311 912 2385 necessitate
930 2298 1176 2399 faciendum,
1204 2332 1252 2381 ne
1274 2310 1445 2383 videatur
1462 2307 1657 2389 Paroclrus

364 2411 523 2485 veluti'
506 2437 589 2505 Jure
609 2437 676 2487 suo
693 2413 910 2512 exspoliari.
925 2409 1154 2528 (**)lnquiri
1172 2413 1298 2498 solet,
1318 2427 1444 2485 utrum
1460 2410 1658 2491 Parochus

364 2511 606 2607 Matrimonii
624 2504 876 2595 celebrationi
900 2517 1025 2589 adstet
1043 2515 1094 2587 uti
1113 2515 1248 2602 testis,
1276 2536 1323 2586 an
1345 2514 1400 2585 uti
1405 2513 1656 2599 sacramenti

360 2598 563 2696 Μιιιιιιιι2
586 2617 839 2696 Guillelmum
871 2604 1064 2716 quondam
1083 2617 1330 2692 parisiensem
1353 2618 1519 2711 pri-mum
1537 2618 1657 2698 fuisse

362 2738 589 2808 autumant,
620 2725 684 2819 qui
708 2746 795 2797 eum
813 2745 893 2794 esse
910 2723 1132 2794 Ministrum
1149 2721 1435 2794 existimaverit
1456 2719 1557 2796 Dein
1572 2721 1658 2800 Ca.

360 2824 554 2918 tharinus,
572 2825 640 2900 Ca
627 2843 796 2917 jetanus,
812 2847 857 2898 ac
874 2823 1065 2896 Melchior
1078 2822 1205 2897 Canus
1222 2825 1384 2896 eandem
1398 2838 1538 2917 aperto
1551 2845 1655 2902 mara,

252 3000 254 3005 ,
360 2935 400 2998 te
418 2926 645 3000 sententiam
663 2940 969 3023 propugnarunt,
988 2925 1103 3000 hodie
1120 2927 1276 3000 tandem
1293 2924 1425 3020 opinio
1440 2925 1526 3002 haec
1539 2927 1659 3024 pluri-e.

360 3023 456 3114 bns,
475 3046 514 3102 et
533 3051 605 3102 non
623 3029 742 3101 intimi
762 3026 929 3102 subsellii
941 3029 1172 3147 Theologis,
1188 3052 1234 3103 ac
1249 3026 1466 3102 Canonistis
1483 3029 1656 3110 adridere

358 3126 484 3224 Nobis
495 3153 592 3218 vero
607 3131 656 3204 ab
675 3135 749 3206 hnc
765 3131 1062 3228 disceptatione,
1081 3133 1137 3205 uti
1153 3154 1228 3204 ιιοιι
1244 3130 1402 3205 omnino
1423 3137 1655 3228 necessaria,

360 3211 609 3351 supersedere
652 3235 766 3316 satius
807 3237 929 3308 visum
964 3251 1036 3308 est.
1081 3236 1127 3307 ld
1163 3256 1280 3318 unum
1313 3236 1491 3314 adserere
1522 3235 1656 3330 liceat,

358 3337 603 3424 testimonia,
629 3335 763 3435 quibus
795 3339 920 3430 hujus
935 3335 1132 3412 sententia
1158 3335 1311 3432 patroni
1339 3338 1650 3428 ιιιιιιιιιιιιι,ιιιι

358 3439 389 3511 ιι
409 3463 484 3510 non
502 3461 583 3512 esse
601 3440 814 3528 momenti,
846 3455 896 3514 ut
914 3461 963 3513 ex
992 3441 1049 3514 eis
1072 3439 1203 3520 dirimi
1218 3440 1529 3580 controversiam
1537 3447 1654 3537 posse

357 3539 636 3640 censeamus(
639 3538 655 3640 )

412 3643 496 3716 llll.
523 3641 619 3714 Tres
643 3663 816 3740 quoque,
834 3658 899 3724 aut
914 3642 1048 3720 saltem
1070 3643 1148 3722 duo
1166 3659 1282 3722 testes
1301 3603 1563 3745 requiruntur,
1580 3613 1652 3747 qui

357 3729 610 3840 Matrimonia
637 3747 747 3820 simul
780 3763 1003 3842 presentes·
986 3749 1140 3837 elur,
1148 3765 1193 3832 ιιι
1209 3751 1507 3832 Matrimonium
1518 3749 1567 3830 sit
1585 3761 1654 3832 rats

358 3821 478 3968 lidum
495 3869 544 3922 ex
556 3871 589 3940 ι]
582 3849 722 3947 usdem
738 3848 908 3928 Trident
923 3852 1164 3947 prescripto:
1171 3856 1305 3941 Quum
1318 3874 1414 3930 vero
1426 3851 1652 3934 Tridentini.

357 3941 487 4046 Patres
517 3953 659 4024 nullam
692 3951 841 4026 testium
867 3955 1103 4050 qualitatem
1113 3955 1402 4050 expresserint,
1431 3935 1652 4032 hinc-c.om

355 4054 522 4125 munirer
548 4054 699 4127 tradunt
719 4051 935 4130 Canonistae
968 4057 1210 4155 quoscunque
1241 4074 1357 4132 testes
1386 4055 1540 4133 admitti
1557 4075 1651 4156 pos.-

358 4175 427 4242 se,
462 4158 575 4228 modo
609 4158 746 4230 mentis
777 4175 1005 4253 compotes,
1036 4175 1149 4257 atque
1165 4160 1418 4258 intelligendo
1437 4159 1513 4234 sint
1520 4159 1642 4260 ,quid

358 4272 506 4354 agatur.
537 4258 671 4356 Neque
698 4260 801 4334 enim
836 4262 925 4334 satis
948 4276 1043 4351 est,
1060 4264 1335 4353 utParochus,
1358 4285 1403 4348 as
1424 4277 1641 4348 testentur·

357 4360 540 4454 puraliter
559 4361 652 4436 sint
642 4379 880 4458 praesentes,
901 4366 976 4439 sed
1000 4365 1155 4446 moralis
1169 4365 1285 4440 etiarn
1303 4369 1523 4446 eorundem:
1544 4363 1641 4461 'prae-

352 4460 475 4539 sentia
506 4466 707 4564 requirunt
720 4517 759 4574 t
768 4468 935 4550 scilicet
947 4481 1005 4550 ut
1021 4465 1174 4564 sciam,
1202 4484 1251 4550 et
1271 4467 1516 4570 intelligant,
1546 4468 1640 4564 qnid
1696 4561 1699 4568 Ι

1431 4639 1436 4654 .
1541 4582 1684 4673 aga·
