4034 5275
451 505 527 601 156
762 483 1048 581 institutionum
1064 494 1336 581 Canonicarttm

406 607 577 683 ciendos
589 607 750 702 jubet,
745 613 807 704 qur·
826 613 911 683 vita
925 605 1144 698 ,moribus,
1167 620 1279 703 atque
1303 598 1525 682 industria
1511 601 1713 686 inveniam

421 717 483 783 'tur
504 735 583 785 esse
606 710 845 806 dignissimi3
876 727 976 785 tum
974 710 1135 784 subdit:
1155 708 1345 808 Religiosi
1368 710 1585 803 duntaxat,
1616 735 1711 861 quos

420 816 582 887 vexandi
594 812 766 908 Jadt'ces
778 839 842 888 non
868 813 1005 886 babeat
1026 825 1265 908 potestatem.

426 915 557 991 XV.
583 916 667 1011 Jam
687 938 778 990 vero
809 912 1051 1012 sequentibus
1079 914 1223 988 saeculis
1245 912 1373 1009 plures
1394 915 1516 992 exorti
1534 931 1619 991 sunt
1631 917 1708 994 Or

417 1015 525 1090 dines
542 1017 752 1115 Religiosi,
786 1016 920 1115 quibus
940 1041 987 1092 ex
1007 1017 1163 1113 proprio
1184 1017 1356 1090 instituto
1370 1018 1626 1114 Hospitalium
1643 1043 1711 1094 cu·

417 1122 461 1190 'ra
490 1117 700 1210 incumbit3
735 1121 834 1194 unde
865 1137 904 1194 et
936 1119 1031 1194 dicti
1059 1118 1320 1214 Hospitalarii.
1350 1120 1575 1219 Huiusmodi
1601 1121 1708 1208 fuere

415 1220 666 1314 Hospitalarii
698 1223 734 1294 S.
753 1220 1297 1320 Joannisliierosolymitani,
1324 1219 1360 1294 S.
1389 1223 1446 1294 M.
1471 1222 1708 1298 Teutonico-

415 1336 525 1409 rum,
549 1321 841 1398 Calatravenses
859 1323 934 1398 &c
950 1324 1014 1421 qui
1033 1340 1164 1419 postea
1192 1323 1231 1394 in
1250 1321 1421 1398 Ordines·
1436 1339 1648 1421 equestres,
1664 1339 1705 1400 et

414 1423 599 1496 militares
632 1428 859 1500 commutati
890 1441 1003 1499 sunt:
1037 1442 1076 1499 at
1107 1426 1155 1497 de
1185 1424 1245 1497 his
1274 1425 1364 1501 satis
1381 1425 1471 1498 Lib.
1489 1444 1612 1520 super.
1627 1427 1660 1501 T
1659 1430 1707 1502 t'tl.

413 1524 483 1598 alt.
520 1528 684 1600 Demum
712 1527 849 1602 saeculo
866 1552 931 1601 xvr
950 1527 1105 1601 ineunte
1124 1527 1158 1599 S.
1175 1526 1340 1622 Joannes
1371 1529 1421 1600 de
1440 1530 1524 1602 Deo
1554 1529 1705 1604 Lusita·

413 1647 483 1698 nus
500 1626 687 1702 Ordinem
709 1628 870 1704 institnit
892 1630 941 1703 ad
963 1629 1089 1703 officia
1106 1628 1261 1702 Pietatis
1281 1650 1372 1725 erga
1394 1645 1598 1725 paupereS,
1617 1653 1708 1727 prae·

414 1729 546 1801 sertim
575 1730 772 1819 infirmos,
800 1733 1042 1819 exercenda,
1060 1753 1188 1828 ·quem
1209 1730 1294 1803 Pius
1312 1731 1352 1804 V·
1377 1731 1544 1828 primum
1563 1733 1705 1809 confit·

392 1878 394 1882 ν
414 1831 535 1908 mavit
553 1831 719 1906 Constit.
732 1855 813 1930 quae
833 1833 984 1929 incipit:
1002 1832 1111 1909 Licet
1127 1856 1174 1905 esc
1191 1831 1327 1908 debito.

416 2039 471 2159 ,a
608 2031 785 2144 (ᾖον)οε
800 2036 995 2112 laicorum
1013 2034 1481 2140 confraternitatibus.(*)
1578 1986 1582 1993 ³

390 2232 424 2286 '·
459 2233 541 2412 (Ἴ
556 2238 660 2313 xvt.
685 2240 967 2315 Monachorum
1001 2239 1330 2337 Congregationes
1376 2239 1572 2314 aemulasse
1628 2242 1705 2318 visi

410 2344 509 2414 sunt'
540 2342 640 2430 aiei,
669 2365 785 2439 quum
815 2343 1023 2417 Societates
1046 2341 1254 2413 instituere
1292 2356 1528 2435 coeperunt,
1565 2342 1705 2436 quibus

408 2441 686 2516 miserabilium
716 2446 912 2517 hominum
934 2440 1219 2519 necessitatibus
1244 2442 1484 2516 commodius
1509 2445 1706 2538 prospice-

409 2542 508 2648 ient.
538 2544 658 2632 Nulla
694 2546 840 2650 potior
849 2547 911 2621 via
940 2543 1151 2644 excogitari
1186 2556 1356 2640 poterat,
1379 2559 1421 2617 ut
1446 2545 1619 2617 hommes
1638 2569 1704 2619 sae·

408 2637 507 2721 culi
516 2649 677 2746 negotiis
710 2638 850 2747 alioqui
880 2650 1096 2744 implicati,
1110 2648 1292 2743 quodam
1312 2646 1430 2720 veluti
1452 2648 1704 2722 fraternitatis

407 2749 578 2823 vinculo
596 2750 865 2824 misericordiae
888 2750 1068 2845 operibus
1098 2746 1283 2821 obeundis
1313 2748 1535 2836 constricti,
1557 2748 1580 2820 a
1599 2749 1701 2824 vitiis

407 2846 685 2939 abhorrentes,
714 2853 938 2947 religionem
961 2849 1103 2937 simul,
1133 2866 1187 2921 et
1185 2848 1423 2922 charitatem
1450 2864 1699 2925 sectarentur:

406 2948 551 3024 Verum
579 2974 625 3025 ea
656 2968 712 3025 est
743 2956 917 3025 humanae
950 2968 1091 3026 naturae
1119 2950 1315 3039 conditio,
1345 2946 1387 3024 ut
1418 2974 1494 3025 non
1525 2953 1589 3024 diu
1630 2975 1700 3027 ne·

406 3058 479 3147 que
507 3076 566 3126 res
587 3053 811 3126 firmissimae
844 3054 1072 3148 persistant,
1101 3074 1222 3151 neque
1241 3053 1485 3149 integerrime
1518 3053 1699 3129 institutae

408 3152 565 3244 illibatae
599 3154 1018 3248 permaneant-'Unde
1051 3154 1196 3251 Synod.
1224 3154 1462 3231 Nannetens.
1493 3178 1554 3229 an.
1587 3156 1700 3243 circi-

408 3269 467 3329 ter
483 3254 667 3354 89oCan.
680 3278 756 3329 tc
775 3270 860 3351 post
888 3256 1093 3331 recensitas
1121 3251 1346 3345 abusiones,
1375 3280 1456 3355 que
1483 3257 1522 3330 in
1551 3256 1610 3329 his
1641 3279 1701 3331 re·

297 3412 299 3415 -
407 3361 499 3431 cens
518 3359 678 3433 invectis
691 3357 1123 3434 confraternitatibus
1111 3374 1373 3473 irrepserant,
1403 3362 1485 3434 lraec
1514 3358 1697 3433 decrevit:

409 3445 551 3533 Pastas
568 3476 717 3548 autem,
745 3475 784 3533 et
811 3466 1119 3547 comessationes,
1142 3482 1234 3554 qaas
1251 3459 1400 3562 Divina
1419 3464 1628 3537 auctoritas
1642 3480 1698 3540 va·

391 3563 501 3650 tat,
511 3561 594 3632 ubi
617 3576 656 3635 et
684 3562 934 3683 gravedines,
961 3578 1001 3636 et
1028 3560 1203 3634 tnaebtrae
1230 3550 1468 3650 exactiores,
1494 3577 1531 3636 et
1556 3576 1696 3657 torpes,

408 3671 454 3735 ac
471 3665 619 3736 iunones
636 3662 817 3754 latitia,
841 3684 885 3739 et
897 3668 1022 3750 rixcs‘,
1044 3677 1082 3737 et
1104 3662 1218 3752 odia,
1238 3676 1292 3735 et
1299 3663 1542 3739 dissensione-s
1558 3665 1695 3739 occide

407 3786 449 3839 re
471 3765 618 3856 solent,
646 3764 735 3839 adeo
757 3770 907 3860 penitus
935 3765 1189 3839 interdicimus
1206 3813 1230 3854 ,2
1250 3777 1291 3838 at
1321 3770 1388 3861 qut'ss
1401 3780 1532 3841 contra
1551 3767 1619 3840 hoc
1640 3767 1696 3843 de·

406 3882 545 3940 cretam
564 3889 673 3963 agere
692 3869 975 3963 praesumserit,
1013 3871 1049 3941 st'
1077 3866 1280 3959 Presbyter
1303 3871 1457 3959 feerit,
1488 3869 1551 3943 vel
1580 3871 1695 3964 quili-

405 3967 534 4042 betl
484 3969 534 4043 Cl
533 3974 653 4042 ericus
680 3969 802 4066 grado
828 3973 1028 4063 privetur,
1059 3974 1095 4042 si
1120 3970 1240 4041 laicus
1267 3982 1350 4056 est,
1380 3985 1447 4044 out
1469 3970 1628 4065 femina
1643 3971 1694 4047 ab

286 4146 292 4150 ,,
404 4068 503 4142 nect
487 4072 581 4144 lesia
598 4080 707 4164 osque
724 4073 774 4146 ad
789 4072 1089 4163 satisfactionem
1106 4083 1310 4164 separetur
1320 4066 1360 4173 (*
1361 4067 1394 4172 )

428 4168 536 4273 (**)
556 4172 674 4246 XVll.
702 4174 800 4248 Dein
834 4176 1007 4271 quaedam
1031 4172 1209 4248 institutae
1228 4191 1313 4248 sunt
1331 4177 1379 4249 ad
1396 4174 1455 4249 SS.
1472 4142 1693 4252 Sacramen

404 4274 463 4362 ti,
493 4275 655 4370 Deipare
673 4274 868 4373 Virginis,
893 4292 932 4351 et
954 4276 1177 4351 Sanctorum
1205 4276 1364 4350 cultum
1372 4282 1692 4373 promovendum,

402 4381 456 4478 ot
469 4397 607 4468 novae,
637 4379 840 4477 multaeque
864 4401 1037 4453 successu
1061 4380 1248 4478 temporis
1267 4379 1445 4461 institutae
1470 4380 1690 4472 Societas-tes,

397 4467 473 4551 nou
492 4478 580 4555 ideo
593 4432 767 4555 utiliores
783 4496 998 4561 evaserunt.
1011 4473 1279 4579 Improborum
1294 4482 1468 4560 nonnulli
1484 4486 1562 4581 pio
1558 4485 1686 4590 Sanc·

960 4649 965 4658 ,
1620 4599 1678 4659 io·

340 4657 431 4689 A
