4034 5275
456 504 558 599 232'
796 495 1074 574 Iustiturc‘mum
1104 499 1369 577 canonicorum

428 602 591 677 dedisse.
613 600 715 677 Hinc
747 600 961 699 frequentes
988 602 1026 676 in
1055 599 1263 696 Epistolis,
1296 601 1504 696 presertim
1527 603 1717 678 Innocen-

430 705 472 778 tii
501 707 552 780 lll
574 705 648 782 illae
669 704 871 779 clausulae:
900 703 1022 802 Quum
1044 703 1188 798 reditus
1215 702 1444 804 sufficientes
1471 729 1538 778 nou
1563 704 1716 780 babeat.

428 807 548 907 Quum
575 805 859 882 necessitatibus
873 825 1071 902 pauperum
1092 805 1316 882 Clericorum
1343 805 1461 881 Sedes
1488 807 1716 901 Apostolico

428 911 578 990 duxerit
609 909 878 984 sucurrendum.
908 909 1019 984 Unde
1054 909 1158 984 idem
1193 909 1511 985 Rom..Pontifex
1537 907 1630 1003 Cap.
1660 931 1712 1010 sp

426 1011 470 1088 de
494 1012 709 1107 RescriptIs
726 1012 775 1085 ab
792 1011 984 1109 Episcopo
1006 1011 1266 1089 Uratismense
1282 1013 1496 1101 consultus,
1517 1035 1607 1086 num
1623 1009 1715 1086 Cle·

429 1115 542 1203 rico,
575 1115 637 1188 cui
669 1113 833 1189 Vicariae
866 1130 1057 1211 perpetuae
1089 1133 1296 1211 proreptus
1326 1137 1494 1213 congrua
1529 1114 1715 1193 alimenta

426 1214 747 1314 suppeditabant,
781 1241 829 1292 ex
860 1220 993 1314 Apost.
1020 1217 1128 1292 Sedis
1159 1219 1345 1293 Mandato
1373 1217 1411 1291 in
1441 1216 1713 1295 Ecclesiastico

427 1320 615 1394 Beneficio
644 1322 847 1416 providere
876 1336 1094 1413 teneretur3
1128 1323 1437 1416 respondetlnon
1466 1341 1548 1395 esse
1580 1320 1714 1416 provi·

423 1423 617 1514 dendum,
642 1449 746 1518 quum
767 1421 1010 1518 performari
1029 1422 1251 1518 praedtccuu
1266 1478 1277 1512 ‚
1290 1420 1592 1518 ³rurcersitott'lms
1613 1441 1715 1517 pau.
1748 1470 1750 1475 -

417 1545 546 1621 perum
576 1524 798 1603 Clert‘corum
828 1521 920 1626 (qui
951 1526 1084 1600 nullum
1115 1539 1203 1604 suut
1232 1526 1543 1620 Ecclesiasticus
1575 1523 1717 1617 beueftae.

419 1633 511 1702 cium
533 1626 753 1727 adsequuci)
781 1627 898 1702 Sedes
923 1627 1147 1724 Apostolicn
1171 1628 1322 1704 duxerit
1346 1626 1633 1703 succurrendum.
1655 1625 1708 1702 Et

420 1730 540 1826 Epist.
566 1732 615 1804 ad
644 1731 794 1806 Bracar.
812 1731 1164 1827 vtlrchiepiscopum
1193 1730 1290 1827 Cap.
1324 1731 1444 1830 13de
1475 1729 1636 1819 IEtate,
1667 1724 1718 1805 et.

313 1866 315 1871 ¹
420 1833 597 1930 qualitate
621 1833 698 1907 &c
726 1834 845 1931 Qucum
866 1838 940 1910 etsi
964 1847 1109 1921 tecum,
1137 1834 1283 1931 inquit,
1311 1834 1354 1908 de
1376 1829 1462 1931 jure
1487 1854 1598 1930 agere
1621 1831 1706 1906 ueta

422 1938 559 2025 lemur,
587 1953 625 2012 te
643 1956 830 2031 possemus
853 1938 981 2010 merito
1003 1935 1056 2008 nd
1075 1938 1318 2029 provisionem
1342 1958 1459 2010 eornm
1481 1936 1715 2030 compelleres

422 2062 510 2134 quos
536 2037 563 2112 d
586 2054 651 2129 te,
679 2039 743 2116 cet
763 2038 1100 2135 predecessorum
1129 2042 1208 2112 tuis
1240 2037 1430 2116 ordinator
1449 2039 1574 2134 fuisse
1601 2060 1711 2115 conr-1

429 2155 547 2216 taret.
954 2172 956 2174 ·
1116 2154 1119 2164 ’
1645 2164 1675 2209 .·
1705 2170 1713 2209 J

476 2266 498 2317 a
527 2244 573 2318 R.
603 2243 801 2326 Pontifices
834 2244 936 2319 haud
967 2242 1209 2318 consuevisse
1241 2241 1404 2338 plurium
1432 2241 1714 2317 Mandatorum

423 2346 679 2420 onus.iisdem
707 2343 886 2417 Ecclesiis
914 2346 1135 2441 imponere,
1167 2338 1266 2418 unde
1290 2344 1355 2418 illa
1379 2366 1527 2442 quoque
1552 2345 1709 2419 clausu·

424 2447 461 2523 la
491 2468 758 2546 nonnunquam
787 2445 958 2522 adhibita
984 2446 1195 2543 reperimur
1223 2445 1318 2522 Nur·
1346 2445 1391 2520 de
1421 2445 1593 2520 mundato
1622 2469 1709 2519 uos·

374 2570 377 2574 ·
426 2567 487 2626 tro
522 2549 649 2641 eodem,
680 2549 853 2624 Ecclesia
878 2550 982 2644 foret
1012 2554 1052 2623 iu
1092 2550 1251 2625 alterius
1283 2551 1488 2645 receptione
1524 2562 1712 2647 grauata:

427 2652 523 2751 Cap.
552 2676 699 2753 a,‘3o,
726 2668 766 2727 et
792 2654 839 2748 38
861 2653 898 2727 in
918 2654 955 2727 V
977 2652 1261 2749 Compilatione
1291 2652 1452 2728 Cironii.

443 2821 445 2825 .
477 2780 501 2858 3
530 2755 752 2849 Huiusmodi
775 2754 960 2829 Mandata
984 2770 1158 2851 tempore
1182 2756 1450 2853 progrediente
1477 2753 1712 2852 frequentio-

424 2879 465 2933 ra
491 2860 680 2935 evasisset
705 2855 951 2956 quamobrem
974 2858 1109 2930 iisdem
1138 2881 1263 2953 saepe,
1291 2857 1518 2953 importunis
1540 2858 1712 2952 postula,

423 2960 588 3036 tionibus
613 2962 637 3034 zi
658 2959 900 3034 Pontificibus
917 2960 1101 3049 extortis,
1118 2958 1320 3036 Ordinarii
1347 2957 1615 3055 obtemperare
1640 2961 1710 3034 de·
1734 3019 1738 3024 .

424 3063 651 3137 trectabant.
680 3066 766 3135 Hoc
799 3063 971 3137 innuunt·
990 3063 1203 3160 frequentes
1232 3064 1367 3136 litterae
1393 3061 1748 3153 Exsecutoriales„

425 3165 561 3265 quibus
594 3166 644 3237 ad
677 3162 901 3240 Ordinatios
936 3165 1224 3259 compellendos
1259 3165 1315 3238 uti
1350 3162 1531 3261 oportuit.
1562 3157 1709 3241 Annae

424 3292 539 3367 quum
565 3266 698 3364 Legati
718 3266 880 3340 Honorii
898 3268 952 3340 lll
975 3267 1012 3340 in
1031 3267 1197 3365 Anglia,
1223 3282 1261 3342 et
1278 3267 1318 3341 in
1340 3264 1468 3365 Gallia
1484 3268 1577 3346 duas
1594 3266 1617 3339 d
1633 3266 1710 3339 sin·-

425 3373 522 3467 gnlis
547 3367 841 3447 Cathedralibus
866 3368 1096 3447 Praebendas
1124 3385 1320 3467 peterent,
1342 3369 1555 3463 hujusmodi
1577 3368 1709 3443 Ponti-

424 3475 509 3549 ficin
534 3474 720 3569 postulata
739 3472 884 3546 nullum
906 3474 1009 3569 apud
1027 3472 1237 3568 Episcopos
1256 3472 1401 3568 pondus
1419 3469 1594 3602 lese
1610 3471 1709 3547 scri-

428 3573 496 3649 bit.
523 3577 665 3650 Matth.
689 3574 809 3671 Paris.
829 3573 909 3651 tn.
930 3575 998 3647 XI
1015 3573 1124 3649 Couc.
1145 3576 1213 3649 col.
1238 3597 1323 3673 303.
1554 3635 1556 3640 ,
1661 3589 1664 3596 '

476 3700 503 3775 4
530 3679 702 3777 Denique
724 3700 813 3768 eos,
836 3677 900 3775 qui
919 3677 1196 3774 exspectativas
1213 3673 1564 3775 consequebantur,
1591 3676 1710 3755 Bene-

425 3781 511 3858 ficia
528 3783 845 3878 jurispatronatus
874 3780 1046 3870 laicalis,
1074 3796 1185 3877 atque
1205 3782 1302 3855 adeo
1325 3782 1439 3854 etiam
1461 3778 1713 3876 Episcopatus

428 3901 508 3960 tam
530 3886 643 3960 avide
660 3884 829 3981 arripere
845 3884 1034 3980 coepisse,
1054 3899 1096 3958 ut
1117 3883 1387 3962 Mandata'illa
1409 3903 1485 3954 non
1513 3884 1712 3978 complec-

428 3988 460 4060 ti
477 3988 661 4062 Beneficia
683 3987 882 4083 patronatu
899 3985 1096 4061 declarare
1113 3982 1325 4083 Gregorius
1343 3985 1394 4058 lll
1413 3982 1543 4077 Epist.
1573 4003 1620 4077 14
1638 4039 1650 4077 ,
1671 3999 1713 4063 et

434 4109 478 4183 15
501 4107 654 4165 coactus
673 4091 796 4165 fuerit.
823 4090 921 4163 Huic
938 4090 1093 4163 decreto
1111 4088 1253 4163 'deinde
1275 4086 1516 4161 Innocentius
1537 4084 1590 4159 lV
1607 4088 1715 4179 aliud·

372 4237 374 4244 ·
417 4192 604 4283 addidit,
638 4193 784 4267 scilicet
810 4214 931 4290 neque
963 4193 1242 4288 Episcopatus,
1277 4211 1397 4289 neque
1428 4188 1505 4264 alia·
1528 4186 1717 4266 Beneficia

429 4300 573 4389 majora
591 4297 690 4369 inter
705 4296 883 4370 mandata
900 4296 966 4369 illa
987 4292 1284 4393 comprehendi:
1301 4290 1486 4389 Espenius
1501 4290 1611 4365 Part.
1628 4292 1722 4382 XII

427 4396 507 4473 Tit.
530 4398 685 4476 XXIII
699 4417 779 4493 cop.
799 4401 832 4471 '1
859 4423 893 4471 u.
912 4419 958 4471 21
978 4453 990 4488 ,
1008 4412 1047 4472 et
1067 4418 1129 4497 32.
1149 4393 1393 4498 (**)'Verum
1423 4394 1576 4474 Patroni
1595 4394 1712 4482 etiam

426 4501 567 4602 gratias
589 4506 801 4579 concedere
825 4499 1214 4599 exspectatiuaseusi
1241 4513 1355 4593 sunt,
1382 4513 1562 4597 putantes
1576 4498 1714 4571 torena

450 4664 488 4673 .,,
659 4606 661 4613 ’
1195 4619 1199 4626 ’
1609 4600 1713 4677 idem
