4034 5275
444 482 504 558 ·16
778 476 1061 552 institutionum
1077 473 1344 556 Camaritarum

416 597 472 664 cat
491 582 690 661 mersionis
704 581 834 658 Secta
851 595 1000 655 auctore
1014 580 1083 655 sub
1094 581 1179 682 ejus
1195 590 1333 660 nomine
1347 587 1516 683 scriptu,
1532 589 1704 690 eoquod

416 713 503 766 eam
536 690 574 762 in
601 687 749 763 Codice
768 687 805 759 S.
826 683 1009 780 Gregorii
1042 707 1202 781 operum
1231 710 1278 763 ex
1310 689 1435 764 Roma
1469 690 1546 766 sibi·
1566 696 1706 786 allato,

415 816 494 869 non
525 792 727 867 invenerit.
760 787 940 886 10ptima
969 809 1060 861 sane
1092 790 1208 864 ratio!
1232 790 1373 888 ,Estne
1390 793 1455 868 hic
1468 792 1604 871 Codex
1622 813 1705 873 taur.

417 910 466 972 tae
498 894 763 986 auctoritatis,
796 910 838 966 ut
855 891 892 964 S.
906 889 1081 981 isidoro,
1110 891 1145 965 S.
1166 895 1334 969 Leandri
1360 918 1545 994 germano
1575 891 1706 992 fratri,

414 1001 483 1100 qui·
496 999 672 1076 Concilio
689 995 878 1070 Toletano
897 994 1068 1089 praefuit,
1084 996 1296 1095 ceterisque
1308 1000 1579 1094 Hispaniarum
1594 1002 1704 1097 Epis

413 1103 547 1200 copis,
577 1102 641 1198 qui
665 1099 792 1174 eidem
809 1097 988 1173 Concilio
1009 1090 1297 1198 convenerant,
1321 1118 1363 1175 et
1384 1102 1551 1176 Concilii
1571 1105 1704 1180 Wora

414 1205 611 1282 mutiensis
620 1201 813 1290 Patribus,
827 1201 892 1276 vel
906 1201 1114 1290 mendacii,
1129 1202 1193 1276 vel
1205 1203 1416 1278 oscitantia
1430 1210 1561 1281 notam
1577 1206 1702 1296 inurar

382 1374 390 1382 .
412 1309 521 1384 musi
547 1306 724 1381 Minime.
747 1305 921 1378 Tandem
940 1325 1032 1377 vero
1057 1304 1198 1379 sedatis
1215 1307 1365 1402 penitus
1381 1308 1637 1401 Asianorum,
1657 1323 1703 1386 et

411 1411 771 1488 Priscilianistarum
790 1406 933 1494 turbis,
954 1410 1261 1483 concertationes
1277 1411 1395 1485 etiam
1410 1413 1460 1484 de
1476 1409 1592 1487 Trina
1606 1430 1706 1487 mer-r

410 1521 510 1590 tinae
524 1517 669 1589 sensim·
679 1512 845 1601 desiere3
861 1528 901 1584 at
914 1514 1149 1586 consuetudo
1166 1514 1364 1611 mergendi
1378 1512 1616 1610 baptizatos,
1629 1516 1706 1598 diu.

384 1634 560 1693 ·retenta
577 1634 635 1692 est
658 1619 697 1690 in
716 1609 978 1713 Hispania.(*.)
1043 1669 1045 1673 ψ
1625 1657 1628 1663 ·
1695 1646 1698 1651 ·

419 1773 423 1779 .
463 1719 787 1824 (**)lX..Saeculo
805 1739 876 1788 xnr
899 1715 1054 1790 inducta
1073 1717 1225 1793 videtur
1244 1717 1445 1817 disciplina
1469 1716 1698 1819 baptizandi
1722 1812 1724 1816 Ι

409 1846 479 1920 per
495 1821 879 1921 superinfusionem,
894 1834 1054 1914 utraque
1071 1834 1199 1896 tamen
1216 1822 1398 1913 invaluit,
1414 1838 1453 1897 et
1471 1827 1705 1922 super-infu-⁸

408 1927 485 2018 sio,
500 1947 538 2002 et
557 1927 714 2014 mersio,
729 1942 771 1997 ut
788 1922 981 2020 colligitur
999 1945 1048 1995 ex
1062 1921 1096 1995 S.
1112 1926 1261 1998 Thoma
1279 1924 1352 1997 III
1363 1928 1475 2000 Part.
1487 1927 1539 2025 Q.
1548 1929 1630 2003 LX
1627 1927 1707 2002 Vt.
1748 2009 1750 2015 ,

408 2050 484 2107 urt.
495 2049 518 2132 7
529 2027 685 2124 incorp.
700 2031 812 2101 Hanc
832 2025 1060 2099 mersionem
1078 2027 1225 2102 scilicet
1243 2028 1463 2104 saeculo'xrv
1479 2029 1707 2106 Ecclesiam»

407 2154 562 2229 prorsus
593 2131 788 2229 reliquisse
824 2144 1004 2224 putarunt
1041 2131 1242 2220 nonnulli3
1273 2153 1406 2206 verum
1441 2134 1479 2206 in
1511 2133 1701 2228 Hispania

320 2265 323 2270 ·
409 2237 583 2331 quamvis
597 2254 764 2331 parvum
796 2231 1042 2326 inspiciamus
1066 2232 1291 2322 lavacrum,
1324 2258 1398 2332 quo
1416 2235 1452 2309 S.
1471 2237 1705 2311 Dominicus·

409 2336 722 2438 Calagurritanus
742 2333 959 2430 baptizatus
975 2332 1137 2423 dicitur,
1158 2337 1261 2431 quod
1276 2359 1352 2409 non
1371 2339 1494 2434 potuit
1515 2360 1596 2414 esse
1625 2339 1705 2416 nisi·

394 2442 460 2515 ad
482 2440 677 2516 infusionis
706 2461 844 2526 usum,
877 2437 1108 2509 mersionem
1138 2453 1267 2511 tamen
1296 2440 1474 2516 usitatam
1503 2442 1711 2525 fuisseana,

387 2534 389 2542 ’
408 2561 465 2617 no'
483 2566 602 2646 1323,
624 2542 702 2644 quo'
713 2540 909 2640 celebrata
927 2553 985 2612 est
1001 2540 1107 2643 prael.
1123 2539 1216 2638 Syn.
1229 2542 1355 2616 Tolet.
1373 2536 1505 2640 aperte
1528 2547 1700 2628 ostendit

408 2644 503 2743 Cap.
535 2649 579 2721 X
584 2650 638 2722 V.
657 2650 796 2721 'lmmo
828 2643 1027 2717 mersionis
1056 2644 1172 2719 ritum
1218 2648 1450 2743 prescripsit
1485 2648 1604 2725 Catd.
1636 2651 1707 2726 <de-

406 2749 602 2826 Mendoz'a
617 2747 855 2826 ‘inconstin
886 2747 980 2842 Syn.
995 2769 1056 2819 an.
1074 2766 1168 2840 1555
1186 2744 1280 2843 Cap.
1295 2748 1367 2825 XI
1375 2806 1387 2839 ,
1417 2765 1580 2849 quatuor
1609 2767 1698 2826 tan·

284 2865 286 2868 ’
409 2857 609 2929 tummodo
628 2852 779 2927 casibus
797 2849 986 2945 exceptis:
1016 2872 1032 2922 r
1053 2850 1172 2949 Quum
1193 2846 1535 2945 baptizanduserit
1552 2852 1705 2929 udultae

407 2960 571 3045 uerutis,
601 2960 683 3030 sine
701 2959 797 3042 nir,
824 2956 910 3026 sine
928 2953 1101 3045 fierrsina.
1132 2972 1157 3027 2·
1171 2951 1294 3050 Quum
1319 2954 1449 3047 infans
1478 2955 1709 3055 egrotare-*²-

407 3062 493 3149 rit,
523 3058 567 3133 de
597 3084 665 3156 quo
696 3056 961 3133 verosimiliter
994 3054 1098 3140 credi
1126 3053 1265 3146 debet,-
1301 3057 1394 3153 quod
1420 3064 1458 3133 si
1488 3062 1526 3136 in
1562 3077 1708 3156 aquam<

405 3162 681 3260 immergeretur
711 3160 945 3254 manifestum
976 3158 1167 3247 damnum,
1199 3180 1245 3231 uc
1268 3158 1457 3263 jacturam
1484 3176 1707 3259 paterarum-

408 3278 434 3361 3¹
440 3266 556 3365 Quum
573 3263 704 3358 infans
718 3264 844 3359 nequit
861 3261 910 3335 ab
927 3276 1031 3334 utero
1048 3263 1188 3347 matris
1200 3265 1327 3350 exire,
1348 3266 1423 3337 nisi
1439 3266 1553 3340 solum
1569 3282 1704 3361 reputa

405 3370 470 3441 uel
479 3368 675 3470 aliudejut
693 3361 901 3453 membrum,
917 3389 983 3459 quo
995 3383 1085 3438 ausu
1096 3360 1184 3458 fieri
1201 3362 1309 3438 debet
1324 3366 1544 3461 Baptismus
1567 3369 1605 3440 in
1625 3369 1706 3443 ittet

405 3472 558 3545 membro
573 3487 643 3567 per
663 3472 920 3565 aspersionem.
947 3467 1108 3563 4Qunm
1137 3469 1175 3537 in
1204 3489 1291 3541 casu
1307 3474 1709 3566 necessitatisnequit'»

318 3628 320 3632 ψ
404 3571 537 3647 baberi
552 3595 597 3647 ea
613 3577 868 3667 sopitaque,
899 3582 955 3642 ut·
971 3566 1144 3660 sufficiat
1172 3568 1233 3641 uri
1250 3562 1527 3657 immersiinem,
1642 3588 1706 3649 uc·

404 3685 534 3749 tamen
553 3678 693 3771 partim
711 3671 911 3749 obtinebat
929 3671 1124 3745 immersio
1143 3672 1279 3746 saeculo
1296 3698 1362 3747 xvr
1380 3729 1392 3765 ,
1418 3674 1457 3748 id
1474 3673 1574 3772 quod
1592 3692 1709 3749 evtnv

406 3776 506 3853 citur
536 3800 587 3853 ex
611 3778 704 3876 Syn.
723 3778 931 3851 Tarracon.
952 3794 1015 3849 au.¹
1043 3773 1139 3865 1'556
1176 3774 1217 3847 in
1249 3773 1461 3871 Compilat.
1497 3778 1554 3875 Jo.
1576 3778 1708 3876 Teres·

391 3880 494 3956 ¹Lib.
511 3878 567 3954 II
571 3885 596 3957 I
610 3880 689 3955 ru.
704 3875 844 3954 XXV
858 3897 942 3973 cap.
959 3900 997 3952 2.
1022 3874 1082 3949 En
1102 3875 1245 3951 verba:
1270 3877 1509 3970 Eoituntes,
1539 3901 1620 3976 quae
1637 3879 1709 3956 do·-

403 3997 507 4058 centr
530 3988 762 4079 experientia
791 3982 912 4058 solent
933 3982 977 4053 in
1002 3978 1251 4075 sumergendis
1273 3977 1485 4073 infantibus
1515 3986 1553 4055 in
1583 4004 1694 4058 sacro

394 4084 508 4179 fonte
525 4087 780 4182 Baptismatis
806 4086 944 4179 sapius
971 4087 1142 4171 euenire,
1163 4080 1333 4182 jubemus
1348 4138 1362 4173 ,
1380 4086 1548 4179 infantes
1565 4085 1708 4187 hujus&

403 4189 500 4262 modi
521 4208 591 4283 per
608 4189 813 4278 Patrinos,
845 4203 908 4261 seu
935 4189 1178 4280 suscipientes
1199 4184 1338 4261 eosdem
1358 4191 1507 4279 teneri,
1536 4203 1577 4281 et
1607 4186 1736 4286 bap-{¹

403 4291 577 4365 tiuandos
608 4315 686 4366 cum
718 4313 841 4388 aqua,
869 4285 1090 4384 proferendo
1117 4284 1234 4361 uerba
1267 4286 1464 4380 decentia,
1490 4310 1559 4386 per
1572 4289 1709 4366 Curuss'·

403 4408 487 4484 tos,
506 4391 573 4469 'seu
589 4387 707 4469 eorum
724 4395 985 4471 loca-tenentes
999 4389 1244 4465 tantummodo
1262 4394 1519 4492 tingl.·Atque
1538 4394 1626 4468 inde
1644 4354 1759 4496 eo'j‘

403 4513 563 4608 rentum
578 4514 681 4592 sest,
710 4512 752 4574 ut
782 4498 932 4573 exoleta
953 4499 1035 4594 jam
1056 4493 1212 4595 antiqua
1228 4497 1433 4598 mergendi
1446 4498 1707 4574 consuetudi·-

428 4624 434 4637 '
476 4643 479 4654 ·
1000 4624 1010 4643 ·
1635 4623 1690 4680 ne
