4034 5275
741 530 743 535 .
776 450 895 537 Liber
910 448 974 531 II.
990 449 1146 531 Titulus
1160 446 1189 530 I
1191 451 1220 529 I
1222 450 1257 532 I.
1581 487 1631 567 19

373 561 516 645 licebat
542 563 593 641 ad
616 562 846 653 Sermones,
873 571 913 635 et
929 557 1066 635 Saccas
1080 558 1321 655 Scripturas,
1349 581 1434 663 quae
1468 563 1507 639 in
1539 570 1658 664 priori

362 669 497 747 Missa
515 683 629 766 parte
643 661 925 752 recitabantur,
941 661 1320 741 audiendas..Verum
1343 681 1548 766 antequam
1570 695 1658 770 pre·

362 793 435 851 ces
452 773 753 859 inchoarentur,
775 769 799 846 ὲ
824 765 988 862 vestigio
1004 786 1069 841 eos
1088 763 1199 841 abire
1212 765 1446 864 oportebat,
1480 772 1658 856 Diacono

369 896 419 955 ex
449 875 658 954 excelsiore
690 873 777 946 loco
816 869 1105 967 proclamante:
1133 867 1200 943 Nc
1227 873 1311 965 qais
1332 872 1557 960 audientiam
1579 881 1658 959 dre.

367 974 774 1074 Constit.Apost.Vlll
795 991 829 1066 ς.
846 968 1175 1061 Gennilectentes,
1192 971 1272 1049 sive
1290 973 1474 1051 Prostrati
1491 979 1518 1053 ii
1534 1000 1657 1075 erant,

364 1081 432 1179 qui
453 1081 492 1157 in
510 1079 683 1156 Ecclesia
714 1093 800 1173 post
816 1073 998 1171 Episcopi
1032 1095 1250 1149 sermonem
1275 1078 1545 1172 persistentes,
1583 1109 1658 1164 rna.

360 1203 484 1258 nuum
502 1182 784 1278 impositionem
802 1201 890 1252 cunt
913 1177 1076 1274 propriis
1111 1175 1336 1274 quibusdam
1373 1185 1658 1275 precationibus

365 1285 407 1358 io
424 1308 545 1384 genua
562 1283 756 1382 provoluti
773 1279 1027 1377 recipiebant:
1045 1277 1183 1355 Coust.
1194 1283 1332 1376 Apost.
1344 1281 1436 1358 ibid.
1455 1286 1504 1377 6,
1530 1288 1655 1371 Cone,

366 1386 517 1464 Nicaen.
528 1387 734 1480 Carnam
750 1384 824 1460 &c
841 1383 1019 1459 Tandem
1050 1383 1215 1477 proximi
1232 1383 1428 1480 Baptismo
1451 1393 1652 1473 candidati

337 1487 680 1587 ,-Competentes.,
721 1489 805 1565 sive
835 1485 963 1563 Electi
999 1485 1331 1582 nuncupabantur.
1365 1487 1655 1592 Competentes,

365 1596 469 1688 qood
488 1591 538 1668 ab
552 1592 745 1689 Episcopo
768 1587 921 1686 publice
949 1589 989 1663 in
1003 1585 1181 1665 Ecclesia
1206 1587 1440 1684 baptismum
1468 1613 1658 1690 petereotg

362 1689 618 1873 (fflsslsidorus
635 1693 726 1772 Lib.
741 1689 860 1771 VIII
874 1687 1229 1793 Origia.cap.4.(*)
1253 1692 1380 1769 Electi
1398 1718 1522 1788 uero,
1549 1706 1655 1802 quod

312 1832 315 1837 ·
361 1795 411 1871 ab
463 1799 622 1895 piscopo
639 1811 795 1895 peracta
812 1795 981 1890 ipsorum
995 1794 1307 1886 examinatione,
1330 1796 1591 1897 eligerentur,
1612 1821 1656 1884 ut

359 1893 552 1996 baptisma
573 1900 747 1997 proxime
762 1898 896 1973 futuris
918 1894 1055 1972 diebus
1081 1897 1185 1985 iestis
1212 1897 1447 1995 acciperent.
1469 1903 1584 1983 Unde
1600 1908 1656 1986 ab

360 1998 503 2097 Cyrill.
513 2001 829 2081 HieronCatech.
839 1997 865 2073 I
868 2056 885 2090 ,
895 2016 933 2076 et
951 2000 974 2071 I
981 1998 1007 2071 I
1029 2015 1208 2093 portatam
1236 2000 1471 2079 illuminandi
1485 2062 1502 2098 ,
1529 2027 1570 2086 et
1599 2011 1654 2091 ab

359 2101 475 2183 AUCI.
492 2104 659 2181 COssSiit·
680 2117 878 2198 aaarrfiptrrrr
890 2100 1116 2195 baptizandi
1134 2101 1326 2177 diminuit.

412 2207 518 2285 XVI.
542 2205 779 2297 Methodus,
810 2226 882 2302 qua
901 2201 1181 2281 Cancrumeni
1214 2203 1327 2279 electi
1345 2208 1393 2283 ad
1413 2204 1651 2307 baptismum

357 2306 673 2400 deducebantur,
702 2310 784 2381 haec
805 2305 1049 2403 potissimum
1074 2321 1171 2385 erat.
1196 2306 1542 2411 Adpropinqnante
1558 2320 1651 2396 Pas·

336 2411 720 2493 ‘chatisFestivitate
751 2410 918 2504 primunr
948 2408 1104 2485 nomina
1138 2431 1204 2484 sua
1234 2408 1407 2502 dabant,
1433 2441 1521 2514 quae
1533 2421 1651 2518 Epis-

338 2535 459 2611 ,copo
487 2516 695 2596 mandante
723 2512 749 2589 i.
766 2512 999 2600 Sacerdote,
1015 2511 1078 2587 vel
1094 2512 1269 2587 Diacono
1286 2515 1488 2610 speciatim
1506 2526 1556 2598 ad
1573 2529 1655 2610 boe

357 2616 558 2713 negotium
573 2618 759 2713 deputato
770 2613 930 2710 Scriptis
945 2611 1128 2688 Ecclesiae
1146 2611 1437 2709 inserebantur,
1459 2647 1543 2721 quae
1556 2651 1652 2726 pro.-

358 2716 449 2809 inde
460 2719 654 2814 Dipsanta
670 2720 777 2793 dicta
789 2733 893 2798 sunt..
903 2713 1138 2815 Sequebatur
1152 2732 1308 2809 exacta,
1323 2743 1374 2796 ac
1386 2721 1529 2818 pluries
1542 2753 1655 2830 repe·

359 2820 431 2896 tit'a
447 2824 681 2919 exploratio,
702 2843 886 2919 quasnam
905 2822 944 2898 in
962 2820 1191 2916 antegressis
1210 2824 1549 2908 catechutnenatus
1564 2860 1655 2932 gra..

360 2922 472 3014 dibus
491 2926 774 3023 progressiones
793 2923 984 2999 fecissent.
1015 2922 1115 2997 Turn
1130 2922 1269 3021 viginti
1293 2942 1384 3001 ante
1412 2928 1654 3028 baptismum

360 3024 496 3114 diebus
513 3024 843 3104 exorcizabantur.
864 3021 944 3127 (**)
957 3024 1072 3098 Unde
1085 3024 1177 3123 Syn.
1195 3024 1492 3107 Brac.llCaa.1
1511 3045 1654 3140 sanxit,

357 3144 400 3204 ut
420 3132 519 3206 sicat
540 3132 686 3226 antiqui
707 3127 871 3208 Catanes
885 3127 1048 3230 jubent,
1072 3142 1160 3202 aare
1191 3131 1336 3225 viginti
1356 3133 1438 3210 dies
1455 3139 1666 3236 Baptismi

356 3231 410 3318 rid
419 3236 676 3330 purgationem
698 3235 893 3310 exorcismi
913 3229 1159 3309 catechumeni
1182 3232 1416 3339 carranr.(*)
1431 3239 1655 3326 Exorcisrai

357 3335 600 3429 precationes,
619 3349 738 3428 ,erant
759 3335 787 3412 ὲ·
809 3336 931 3416 sacris
955 3333 1093 3410 litteris
1113 3334 1287 3418 collectae
1305 3390 1322 3424 ,
1352 3353 1392 3412 et
1422 3351 1658 3443 compositae.

356 3436 408 3509 ad
427 3437 552 3511 Deum
581 3437 796 3524 orandum,
827 3433 1030 3513 utSatanae
1064 3435 1103 3509 iu
1133 3434 1210 3514 illis
1240 3453 1469 3533 potestatem
1495 3450 1645 3553 frange.

356 3528 548 3715 ΨΜ
571 3537 620 3614 ab
641 3540 732 3636 ipsis
748 3539 924 3634 spiritum
946 3538 1117 3628 erroris,
1145 3553 1184 3614 et
1204 3542 1404 3635 pravitatis
1421 3554 1647 3647 expelleret.

414 3649 531 3729 'ante
561 3643 861 3716 exorcismorum
896 3658 1070 3737 tempore
1103 3644 1371 3730 catechumeni
1402 3654 1517 3729 variis
1544 3660 1654 3735 deti..

309 3823 311 3829 ,
357 3740 546 3826 'alebantur
562 3741 915 3828 exercitationibusr
931 3743 1113 3834 nimirum
1125 3745 1298 3838 jejuniis,
1312 3747 1582 3851 abstinentiis,
1604 3777 1655 3854 et,

357 3846 558 3941 speciatim
585 3837 724 3922 ab‘u'su
740 3845 923 3943 conjugii,
937 3845 1300 3944 geniculationibus,
1314 3852 1546 3952 pervigiliis,
1561 3886 1646 3960 pec.

357 3964 531 4048 catorum
548 3951 803 4038 confessione,
817 3948 1074 4039 chameuniis,
1090 3949 1295 4049 lacrymis,
1313 3956 1531 4046 iniuriarum
1551 3990 1647 4046 con.

358 4049 590 4148 donatione,
613 4075 823 4150 pauperum
840 4051 1174 4128 commiseratione
1192 4054 1268 4129 &c
1300 4057 1398 4131 Dein
1419 4062 1524 4139 Fidei
1542 4092 1645 4167 sym-

357 4148 494 4228 bolum
523 4152 783 4241 edocebantur
802 4210 815 4247 ,
844 4157 946 4252 quod
967 4154 1160 4237 memoriae
1179 4155 1269 4253 ipsis
1286 4164 1545 4244 mandandum
1562 4187 1646 4254 erat

358 4277 490 4332 coram
507 4256 705 4355 Episcopo
733 4258 773 4334 in
804 4258 940 4334 ultimo
964 4272 1054 4336 ante
1081 4253 1313 4354 baptismum
1341 4268 1518 4345 emminc
1548 4280 1664 4354 reci-1

359 4360 531 4434 tandum.
562 4355 706 4463 (ili->ld
735 4377 874 4456 aperte·
895 4361 1014 4444 dccet
1039 4360 1147 4454 prael.
1176 4361 1270 4459 Syn.
1292 4363 1443 4454 Bracae.
1474 4365 1567 4451 ibid.
1598 4380 1645 4460 [a

357 4460 490 4557 quibas
505 4516 522 4553 ,
536 4463 645 4568 ..ait,
665 4464 813 4567 ..triginti
848 4460 975 4560 diadas
996 4464 1134 4546 maino
1153 4466 1411 4562 ,caiecbumaci
1428 4474 1664 4574 diabolum,

408 4561 593 4681 TanalI.
649 4561 666 4576 '¹
996 4600 998 4604 ’
1060 4575 1071 4584 ’
1194 4562 1229 4642 C
1550 4580 1647 4678 quoa
1714 4645 1717 4664 .
