4034 5275
685 511 801 592 Liber
823 511 888 590 II.
917 511 1065 589 Titulus
1094 510 1254 590 XXIV.
1523 537 1598 615 233

341 620 443 698 idem
464 617 537 696 sibi
557 620 595 693 in
618 619 708 694 laici
728 618 953 693 patronatus
974 616 1171 691 Beneficiis
1195 617 1338 707 licere,
1363 638 1408 691 ac
1432 617 1468 690 in
1494 616 1625 692 liberae

344 724 600 814 collationis,
629 724 804 797 Romano
834 720 1020 799 Pontifici.
1049 717 1283 794 Abusionem
1317 725 1416 794 hanc
1448 721 1629 797 radicitus

342 829 509 904 evellere
533 826 764 901 constituens
785 824 873 919 Syn.
897 822 1128 900 Vallis-olet.
1152 822 1249 919 Cap.
1277 824 1374 898 XV:
1396 822 1627 915 Statuimus,

341 931 423 1022 ait,
448 949 488 1005 ut
512 929 606 1002 nulli
631 928 887 1002 Ecclesiorum
915 924 1077 1000 Patroni
1105 927 1157 1000 ad
1180 925 1406 1014 Ecclesias,
1433 926 1627 1021 inquibus
1751 957 1756 961 ·

341 1030 680 1128 Jurispotronorus
697 1028 889 1119 obtinent,
905 1042 1098 1130 antequam
1113 1043 1275 1117 uacent,
1292 1031 1457 1124 cuiquam
1474 1029 1629 1104 litteras

339 1139 642 1232 praesentationis
665 1131 866 1208 concedant
883 1157 895 1222 ς
914 1154 1005 1226 quas
1028 1134 1063 1203 si
1084 1129 1194 1224 forte
1213 1134 1484 1221 concesserint,
1505 1156 1546 1206 en
1573 1135 1631 1228 ip·

343 1238 385 1313 so
409 1240 536 1314 irrit'ae
556 1240 634 1312 sint
651 1239 823 1332 penitus,
842 1250 881 1308 et
904 1235 1044 1308 inanes.
1064 1233 1204 1309 Clerici
1225 1256 1339 1325 uero,
1360 1236 1422 1333 qui
1447 1235 1631 1336 hujusmo-

342 1339 382 1414 di
412 1346 567 1417 litteras
592 1339 900 1434 praesentationis
935 1339 1167 1432 impetrant,
1196 1337 1259 1413 nei
1282 1356 1352 1432 pro
1375 1339 1505 1432 quibus
1535 1343 1631 1434 ipsis

342 1442 572 1533 scientibus,
589 1460 626 1516 et
643 1437 950 1517 consentientibus
967 1438 1017 1513 ab
1036 1441 1112 1513 alio
1136 1446 1410 1536 impetrantur,
1434 1440 1485 1512 ad
1501 1439 1632 1516 lisele·

342 1551 423 1621 sias
449 1551 555 1640 ipsos
581 1542 799 1619 obtinendas
823 1545 861 1616 in
889 1549 973 1637 ipsa
997 1545 1187 1617 vocatione
1214 1540 1417 1617 reddantur
1445 1541 1630 1618 inhabiles

341 1652 423 1743 ipso
444 1649 570 1743 facto.¹
601 1649 689 1720 Non
721 1646 807 1720 ideo
832 1660 960 1718 tamen
988 1645 1239 1718 Patronorum
1269 1643 1426 1719 audacia
1458 1644 1629 1721 cohibita

341 1765 427 1841 est,
450 1753 505 1824 uti
528 1750 721 1848 colligitur
742 1771 790 1822 ex
811 1746 955 1844 Synod.
972 1748 1118 1821 Arand.
1138 1771 1197 1821 an.
1226 1768 1324 1848 1473
1342 1745 1436 1842 Cap.
1458 1745 1626 1840 XVIII,

341 1876 424 1959 quae
451 1853 540 2058 huip
558 1850 737 2056 pbusioni
764 1851 913 1948 penitus
937 1850 1201 1949 extinguenda
1231 1873 1386 1926 manum
1410 1849 1527 1925 etiam
1555 1853 1626 1926 ad·
1731 1853 1734 1856 ’

340 1955 488 2051 plicuit.
534 1955 557 2004 '¹‘
1368 1978 1371 1984 ·

394 2057 463 2132 Vl.
489 2057 675 2132 Mandata
700 2056 749 2130 de
775 2055 1012 2153 providendo
1029 2054 1156 2129 locum
1175 2055 1325 2131 dedisse
1345 2055 1626 2130 Reservationi⁴

341 2153 412 2234 bus
436 2159 691 2254 specialibus,
712 2175 824 2257 atque
847 2160 915 2233 has
936 2156 1176 2255 generalibus
1208 2157 1413 2234 observant
1438 2158 1629 2260 Cononis·

341 2273 402 2336 tae.
429 2261 582 2336 Scilicet
609 2262 721 2336 facile
750 2282 969 2357 persuasum
993 2279 1050 2334 est
1081 2260 1355 2352 Pontificibus,
1383 2263 1486 2358 quod
1515 2261 1545 2334 si
1575 2265 1629 2351 jus'

342 2360 415 2438 sibi
437 2363 536 2440 esset
557 2365 766 2439 mandandi
790 2361 1078 2454 collatoribus,
1098 2381 1144 2439 ut
1170 2366 1295 2459 primo
1314 2379 1534 2440 vacaturum
1559 2364 1628 2439 Be·

342 2466 521 2542 aeficium
546 2466 661 2541 certis
689 2468 774 2541 ase
797 2467 929 2541 electis
953 2466 1113 2540 Clericis
1131 2468 1379 2557 conferrent,
1405 2489 1481 2541 non
1506 2468 1631 2554 minus

343 2566 416 2643 sibi
450 2593 494 2645 ea
520 2569 659 2645 inesset
681 2568 867 2659 facultas,
896 2583 936 2641 ut
965 2568 1129 2663 propriae
1156 2592 1231 2644 suae
1264 2567 1474 2644 Collatiuni
1503 2570 1631 2665 primo

343 2688 567 2748 vacaturum
601 2669 831 2746 Beneficium
856 2686 1108 2745 reservarent.
1134 2670 1184 2745 Et
1212 2672 1518 2770 quandoquidem
1550 2696 1629 2748 non

340 2791 440 2852 esset
468 2776 592 2872 potius
611 2778 673 2868 jus
701 2774 810 2850 unius
840 2772 1020 2847 Beneficii
1042 2775 1290 2864 reservandi,
1319 2797 1432 2873 quam
1461 2775 1631 2869 alterius,

340 2879 477 2951 eodem
495 2875 605 2972 jure,
628 2899 704 2975 qun
727 2875 800 2951 sibi
825 2874 1074 2951 reservabant
1096 2876 1351 2951 Collationem
1373 2877 1482 2952 unius
1497 2923 1516 2968 ,-
1538 2901 1625 2973 pos.

339 2999 379 3053 se
396 2980 513 3053 etiam
537 3001 732 3055 reservare
755 2977 979 3077 cogitabant
1001 2978 1259 3056 Collatiouem
1283 2985 1473 3071 duorum,
1496 2981 1626 3075 trium,

341 3096 503 3180 quatuor
533 3079 610 3156 ὅτε.
1413 3158 1417 3164 .

355 3235 357 3240 -
392 3181 479 3259 vu.
506 3182 692 3258 Praeterea
719 3183 846 3258 medio
868 3184 1006 3259 saeculo
1026 3208 1096 3258 mu
1119 3185 1249 3283 opinio
1275 3185 1380 3261 illam
1393 3187 1474 3279 jam
1499 3185 1629 3266 induci

339 3284 487 3380 coepit,
514 3288 618 3382 quod
649 3286 904 3360 Ecclesiorum
934 3301 1215 3380 personatuum,
1247 3289 1500 3384 dignitatum,
1529 3290 1626 3363 olio*

340 3407 487 3479 runrpue
510 3383 756 3489 beneficiorum
781 3387 1132 3463 Ecclesiasticorum
1155 3390 1329 3483 plenaria
1352 3390 1551 3488 dispositio
1580 3392 1632 3467 ad

336 3481 391 3563 R.
418 3487 534 3561 Pon'ti¹
558 3513 596 3563 oe
660 3488 897 3585 pertinebat:
923 3489 1106 3566 Clemens
1139 3493 1190 3565 ΙΙΙ
1217 3494 1318 3566 alias
1342 3491 1393 3565 lV
1415 3497 1452 3565 in
1474 3491 1569 3588 Cap.
1601 3516 1625 3569 a

339 3585 390 3664 de'
406 3589 537 3667 Probe
586 3616 621 3667 rs
647 3594 685 3664 in
707 3590 754 3664 V
751 3595 785 3667 I.
808 3593 851 3667 ld
871 3594 975 3691 quod
997 3595 1128 3689 postea
1149 3594 1213 3692 qui
1244 3595 1390 3694 sequuti
1418 3610 1503 3670 sunt
1529 3596 1631 3671 Pon·

290 3711 297 3724 ·
335 3691 457 3767 tifices
477 3694 502 3779 ,'
517 3706 556 3767 et
578 3694 788 3787 praesertim
816 3697 999 3769 ‘Clemens
1019 3694 1076 3771 'Vl
1099 3695 1312 3793 expressius
1340 3698 1494 3773 edixere
1517 3722 1527 3770 r
1557 3698 1647 3784 Ar-

334 3794 439 3895 eujus
461 3794 665 3879 Pastorem,
682 3794 815 3868 scribit
831 3796 1011 3870 Clemens
1030 3798 1081 3872 Vl
1100 3798 1222 3895 Epist.
1240 3802 1289 3874 ad
1306 3800 1526 3875 Eduardum
1545 3803 1625 3875 Re-

335 3909 424 3993 gem
445 3896 711 3994 Angliaeapud
731 3896 972 3992 Raynaldum
989 3899 1051 3973 ad.
1066 3924 1127 3975 an.
1150 3925 1268 4001 1343,
1285 3919 1322 3977 et
1339 3902 1532 3979 Rectorem
1555 3905 1627 3977 Ec·

334 3999 487 4087 clesiae,
513 3998 689 4073 uidelicet
711 3997 761 4074 R.
779 3999 993 4095 Pontificem
1014 4060 1021 4088 ,
1044 4007 1193 4077 omnium
1217 4006 1497 4096 Ecclesiarunt,
1525 4004 1628 4103 tuga

311 4103 518 4190 'mirarum,
552 4104 839 4193 personatuum,
860 4117 901 4177 et
924 4101 1170 4198 officiorum,
1199 4110 1237 4182 er
1264 4106 1524 4202 Beneficiorum
1546 4111 1625 4185 Ec·

331 4201 625 4276 elesiostioorum
656 4202 828 4299 plenaria
854 4208 1051 4304 dispositio
1081 4214 1245 4285 noscitur
1276 4214 1473 4305 pertinere.
1506 4212 1626 4286 Deni-

332 4325 406 4400 que
429 4305 475 4377 R.
499 4304 698 4378 Pontifices
727 4328 877 4382 suarum
912 4307 1518 4387 reservatinnumlnovitaremeo
1550 4321 1622 4387 no·

330 4406 435 4481 mine
459 4409 575 4483 veluti
600 4404 812 4497 liniebant,
838 4411 984 4485 scilicet
1005 4414 1107 4510 quod
1130 4415 1219 4508 ipsis
1243 4416 1408 4488 maxime
1430 4416 1540 4489 cordi
1568 4439 1625 4491 es·

330 4521 388 4587 set
401 4561 421 4601 ,-
438 4526 480 4584 ut
504 4510 555 4586 ad
582 4510 769 4608 regendas
789 4510 990 4608 Ecclesiae
1014 4518 1093 4591 viri
1123 4517 1363 4593 adsumantur
1387 4516 1537 4609 idonei,
1561 4520 1632 4612 qui·
