4034 5275
353 567 357 575 ,
621 526 625 535 -
745 472 864 556 Liber
878 474 944 553 ΙΙ.
959 471 1256 552 retulerim.
1274 486 1285 509 ·'
1463 550 1466 555 .
1530 482 1606 580 r'59

329 575 613 680 annum-:quel
635 584 857 680 optaverit,
876 581 1101 676 relinquere:
1123 580 1214 685 Leg.
1232 580 1263 654 1.
1289 573 1392 656 cod.
1416 576 1465 653 de
1481 577 1629 660 Sacros.

328 686 543 776 aeclesiis,
611 713 620 740 ·-
657 714 664 721 ’
734 694 738 698 ’
845 734 855 759 s
1101 728 1104 733 -
1328 691 1336 705 ”

342 817 346 825 ’
367 790 457 865 ·lV.
473 777 603 864 Porro
635 786 701 885 qui
718 783 1013 860 Constantinum
1040 797 1272 879 exceperunt
1289 783 1573 880 Imperatores,
1588 791 1630 864 hi

328 891 455 967 etiam
488 891 580 966 latis
608 887 772 987 legibus·
788 886 972 962 reditibus
994 884 1276 974 Ecclesiasticis
1299 887 1481 984 augendis
1508 891 1630 985 pluri-

331 992 722 1068 mumcontulerunt.
738 991 798 1064 Ac
826 1014 840 1062 1
858 989 1092 1063 Theodosius
1109 989 1265 1086 Junior,
1286 1002 1325 1062 et
1336 989 1651 1068 Valentinianus.

328 1096 509 1190 priorem
527 1092 772 1168 Constantini
794 1091 920 1189 legem
942 1101 1019 1164 non
1044 1091 1320 1165 confirmarunt
1343 1092 1479 1180 modo,
1498 1117 1629 1174 verum

327 1199 385 1271 ad
420 1194 663 1272 haereditates
686 1192 927 1270 Clericorum
968 1193 1234 1268 intestatorum
1276 1195 1555 1290 extenderunt,
1588 1214 1631 1274 ut
1706 1288 1708 1292 .

327 1299 487 1374 scilicet
513 1299 544 1372 si
578 1297 674 1371 nulli
705 1318 837 1370 eornm
863 1313 1100 1392 superessent
1130 1296 1286 1392 agnati,
1313 1310 1352 1369 et
1382 1300 1535 1392 cognati
1552 1300 1631 1375 Ec-

331 1400 467 1476 clesiae
482 1403 567 1494 jure
592 1398 836 1472 haereditario
858 1399 1113 1474 deferrentur:
1141 1401 1233 1495 Leg.
1249 1396 1292 1471 X
1294 1399 1336 1472 X
1350 1399 1441 1475 Cod.
1459 1399 1502 1474 de
1516 1403 1630 1497 Epis·

267 1570 271 1582 .
330 1500 651 1599 copetCleriris.
1195 1546 1197 1554 ι

345 1666 349 1675 ,
390 1605 609 1700 2Templa
641 1600 887 1691 Gentilium,
926 1602 1317 1700 eorumque-reditus
1357 1621 1630 1697 nonnunquam

330 1703 519 1782 Ecclesiae
567 1728 614 1780 ex
643 1708 923 1801 imperatorum
963 1702 1194 1780 liberalitate
1229 1705 1398 1780 addicta.
1436 1705 1628 1780 Honorius

332 1809 436 1905 Imp.
451 1810 552 1884 haud
571 1814 776 1903 paucarum
789 1807 1114 1890 Constitutionum
1128 1809 1329 1898 meminit,
1351 1803 1486 1904 quibus
1501 1809 1644 1899 hujus-2

334 1911 443 1985 modi
460 1911 605 1985 reditus
622 1909 804 1985 Ecclesiae
823 1909 1117 2002 adjudicaverit:
1135 1913 1229 2005 Lag.
1240 1911 1282 1982 X
1285 1911 1326 1982 X
1335 1908 1426 1984 Cod.
1435 1909 1467 1981 Τ
1466 1909 1565 1983 leod.
1582 1912 1626 1985 de

333 2012 481 2110 Pagae.
500 2011 651 2104 Sacris.
676 2032 713 2087 et
727 2012 862 2106 Templ.
878 2010 1028 2085 Sozom.
1044 2012 1132 2085 Lib.
1143 2009 1191 2082 V
1190 2030 1286 2104 cap.
1306 2031 1341 2108 7.

388 2135 412 2212 3
439 2115 716 2188 Haereticorum
738 2115 853 2207 etiam
876 2112 1175 2199 conventicula,
1199 2128 1237 2185 et
1261 2111 1404 2207 praedia
1421 2112 1471 2186 ad
1488 2113 1625 2188 eadem
1693 2135 1697 2141 ·

335 2219 549 2310 spectantia
567 2216 757 2292 Honorius
778 2218 874 2310 imp.
891 2212 1102 2288 Catholicae
1119 2213 1300 2288 Ecclesiae
1330 2215 1467 2290 ditioni
1497 2215 1626 2290 vindi·

335 2321 460 2393 canda
478 2319 678 2414 pracepit:
695 2321 789 2420 Leg.
804 2316 901 2391 LII
913 2314 1004 2391 cod.
1020 2314 1153 2394 meod.
1170 2315 1214 2390 de
1230 2316 1454 2390 Haereticis.
1669 2398 1672 2403 ,

383 2442 413 2514 4
439 2421 606 2495 Demum
629 2442 676 2492 ex
695 2419 898 2516 Justini‘ani
920 2416 1095 2514 legibus,
1124 2420 1157 2494 si
1179 2419 1243 2516 qui
1259 2418 1429 2509 Clerici,
1459 2419 1522 2493 vel
1538 2421 1625 2497 Mo·

321 2522 452 2597 sachi
481 2520 757 2615 temporalibus
775 2517 1107 2608 instructibonis,
1136 2519 1330 2610 Ecclesia,
1346 2521 1635 2598 velMonastea
1745 2558 1747 2567 ·

334 2625 392 2700 rio
423 2623 587 2713 relicto,
619 2623 816 2697 adrvitam
843 2620 1014 2697 redirent
1043 2620 1263 2719 privatam,
1292 2623 1421 2697 omnia
1453 2623 1622 2719 ipsorum
1671 2711 1673 2716 ,

333 2722 434 2801 bona
450 2726 653 2813 Ecclesiae,
670 2726 732 2799 vel
749 2722 1013 2813 Monasterio,
1036 2725 1084 2798 ad
1099 2725 1207 2821 qnod
1224 2724 1455 2821 spectarint,
1471 2728 1624 2803 addice-

333 2824 492 2904 bantur:
522 2829 616 2926 Leg.
631 2826 721 2903 LV
723 2826 752 2901 1
761 2889 763 2894 .
781 2834 813 2918 §-
829 2832 855 2905 I
857 2828 883 2903 1
895 2826 996 2907 Cod.
1013 2825 1058 2905 de
1074 2825 1249 2923 Episcop.
1280 2841 1319 2901 et
1334 2825 1470 2905 Cleric.
1483 2846 1522 2903 et
1540 2834 1623 2907 No-

332 2929 642 3026 vell.Vcap.4.
863 2965 866 2970 ¹
913 2962 919 2974 ··
1076 2979 1077 2983 =
1199 2954 1226 2973 ·’

299 3093 302 3098 .
351 3027 503 3133 .(**)5
531 3032 805 3128 Hispaniarum
847 3032 1051 3121 Ecclesia,
1088 3056 1171 3132 quae
1216 3030 1404 3132 prioribus
1435 3032 1632 3113 Ecclesiae.

331 3135 477 3208 saeculis
501 3134 727 3211 voluntariis
758 3137 929 3212 fidelium
944 3133 1202 3212 oblationibus
1220 3136 1412 3234 pendebat
1428 3141 1519 3233 Syn.
1536 3142 1619 3215 lili·

332 3230 696 3327 beritAEangur,
712 3238 858 3314 donata¹
870 3249 1018 3336 quoque
1033 3238 1196 3313 Clericis
1210 3241 1502 3314 mercimonium
1518 3263 1621 3315 exer-

330 3339 444 3412 cendi
460 3340 571 3416 venia
585 3341 635 3414 ad
652 3345 791 3413 victum
807 3340 1063 3435 exquirendum
1077 3338 1171 3413 Cau.
1186 3360 1296 3429 rra,
1305 3343 1384 3432 jam
1402 3342 1490 3414 inde
1508 3340 1531 3414 i
1546 3349 1631 3417 sae-‘

294 3522 301 3536 ι
329 3440 417 3512 culo
434 3463 475 3513 vr
492 3462 551 3514 res
568 3440 784 3517 immobiles
804 3442 1012 3518 obtinuisse
1028 3441 1191 3517 videtur.
1216 3443 1260 3515 ld
1280 3454 1355 3516 non
1372 3441 1531 3517 obscure
1556 3447 1619 3519 in·
1677 3512 1679 3515 .

327 3541 432 3615 dicat
447 3529 539 3639 Syri.
553 3544 761 3619 Tarracon.
776 3568 837 3620 an.
853 3550 930 3639 516
948 3543 1140 3633 Caunii,
1158 3545 1391 3619 constituens
1418 3541 1616 3644 siquidem,

328 3645 430 3740 quod
453 3644 600 3718 Clerici
627 3647 677 3718 de
708 3646 877 3722 intestati
907 3641 1091 3742 Episcopi
1126 3647 1295 3721 defuncti
1322 3645 1463 3738 bonis,
1490 3649 1528 3723 id
1557 3649 1625 3730 est

325 3745 371 3817 de
391 3743 634 3832 utensilibus,
662 3746 726 3817 vel
742 3747 786 3819 de
802 3756 896 3822 omne·
917 3748 1165 3841 reappellectllr'
1190 3749 1376 3824 rationem
1411 3751 1615 3848 accipiant,
1697 3778 1699 3781 ⁴

297 3846 403 3922 'alia
426 3862 564 3941 praeter
595 3844 754 3923 mobilia
785 3844 887 3922 bona
911 3847 1123 3945 Episcopos
1150 3850 1326 3925 babuisse
1357 3853 1529 3946 prolecto
1560 3856 1615 3929 in-

325 3947 443 4022 dicat.
473 3949 547 4021 Sed
578 3950 791 4043 expressius
813 3950 905 4047 Syn.
926 3951 1053 4025 Tolet.
1069 3954 1104 4025 ll
1133 3952 1225 4027 Can.
1243 3972 1293 4027 w
1311 3954 1370 4026 his
1394 3952 1540 4027 verbis:
1560 3958 1611 4032 Se·

321 4052 405 4145 quis
422 4049 646 4126 clericorum
674 4052 844 4147 agellos,
868 4067 934 4125 aut
951 4054 1117 4127 vineolas
1141 4058 1180 4129 in
1198 4056 1314 4129 terris
1330 4055 1513 4130 Ecclesiae
1534 4061 1612 4134 sibi

312 4150 467 4246 fecisse·
480 4153 663 4247 probatur
687 4155 943 4228 sustentandae
969 4158 1331 4250 vitae.cansa....post
1350 4182 1450 4231 suum
1473 4160 1522 4249 de
1541 4162 1611 4239 hac

320 4252 400 4327 luce
413 4253 722 4353 discessum....jus
751 4280 852 4328 suum
869 4260 1054 4331 Ecclesia
1066 4256 1223 4331 Sancte
1240 4258 1499 4361 restituat,(*)

351 4354 421 4436 Ν.
449 4356 535 4452 Jam
567 4379 681 4452 porro
710 4356 802 4430 illud
835 4380 949 4454 quam
980 4360 1146 4433 maxime
1177 4382 1276 4433 curae
1305 4379 1386 4435 erat
1412 4361 1610 4458 Ecclesia,

316 4477 435 4555 quum
462 4472 503 4534 et
531 4454 633 4536 bona
659 4456 896 4556 immobilia,
916 4474 955 4537 et
970 4462 1139 4545 fidelium
1162 4460 1376 4546 oblationes
1405 4465 1608 4563 reciperet,

349 4607 357 4614 ι-
1562 4583 1607 4644 ut
