4034 5275
423 554 425 560 .
569 526 572 531 ·
625 576 629 583 ⁴
766 481 1281 565 libertarrtutucwl.
1418 556 1425 571 s
1559 489 1638 565 nm

354 595 499 688 „denda
526 603 636 671 erat:
670 590 764 688 Syn.
794 590 981 665 chalced.
1004 587 1099 664 can.
1116 609 1261 676 rrrr,
1277 588 1436 664 Hieron.
1453 586 1526 684 Ep.
1562 613 1578 665 1
1615 597 1665 668 ad

362 701 514 797 Nepet.
529 694 719 772 Possidius
735 703 771 768 in
785 691 831 764 V
828 696 1062 789 itaAugusc.
1096 687 1178 792 (**)
1192 691 1359 767 Eeadem
1376 715 1524 789 quoque
1541 695 1663 793 viguit

363 801 408 876 in
428 799 611 899 Hispania
640 796 870 893 disciplina,
897 812 939 868 ut
961 793 1152 867 evincitur
1182 817 1229 868 ex
1245 794 1336 890 Syn.
1354 793 1539 870 Bracaral
1567 797 1662 895 Cap.

362 902 417 979 V
420 906 471 980 lt
483 901 855 987 altaserram,
887 912 927 970 et
945 897 1100 992 quidem
1120 917 1168 968 ex
1190 897 1414 992 praescripto
1436 898 1555 989 ejusd.
1569 899 1662 997 Syn.

362 1002 557 1083 chalced.
586 1027 634 1077 ex
663 1001 809 1098 llispal.
823 1002 857 1074 ll
879 998 1072 1091 Can.1.r,
1101 1013 1141 1070 et
1162 1000 1287 1075 Tolet.
1309 998 1364 1074 lV
1390 1001 1483 1076 Can.
1500 1021 1664 1080 rrvr'rr

364 1108 466 1184 alias
481 1101 697 1206 rantuli)
725 1115 730 1205 j
961 1114 964 1120 ’
1689 1115 1697 1130 “

371 1243 373 1249 ·
423 1232 445 1284 2
474 1210 621 1284 Eadem
656 1210 705 1281 de
737 1227 849 1279 causa
878 1203 992 1278 totius
1021 1203 1230 1300 aliquando
1253 1203 1360 1280 Cleri
1387 1205 1588 1281 consilium
1623 1209 1663 1285 in

362 1308 556 1389 bonorum
575 1307 932 1384 Ecclesiasticorum
966 1306 1248 1402 dispensatione
1281 1306 1330 1380 ab
1348 1307 1540 1403 Episcopo
1570 1311 1663 1385 fuis·

365 1436 411 1488 se
428 1415 641 1490 adhibitum
660 1436 669 1484 :
702 1428 814 1508 atque
838 1412 935 1483 adeo
953 1408 990 1481 in
1008 1409 1167 1504 Synodo'
1184 1411 1224 1485 Pr
1232 1410 1393 1484 ovinciae
1418 1412 1660 1488 administra·

364 1517 484 1613 tinnis
513 1518 700 1591 rationem
719 1511 951 1608 Episcopum
985 1511 1110 1607 ipsum
1144 1514 1305 1586 reddere
1329 1526 1505 1588 coactum
1532 1513 1658 1590 fuisse:

364 1616 461 1717 Syn.
472 1620 649 1693 Antioch.
664 1615 756 1690 Can.
769 1634 880 1687 rav.

384 1756 390 1761 ·
422 1743 444 1819 3
475 1720 708 1818 Diligentis,
743 1733 781 1789 et
806 1715 982 1790 industrii
996 1716 1201 1791 (Economi
1232 1717 1659 1799 electionemveterum

362 1818 825 1922 ConsiliorumPatribus
854 1821 950 1892 adeo
984 1819 1092 1894 cordi
1110 1819 1252 1911 luisse,
1280 1838 1321 1894 ut
1338 1820 1569 1917 Episcopum
1588 1821 1661 1898 bo·

360 1944 422 1998 na
436 1923 702 1999 Ecclesiastico
731 1920 872 2018 absque
889 1921 1106 1995 (Economo
1137 1938 1366 1997 tractantem
1394 1927 1517 2019 poenis
1534 1924 1660 2001 Cano·

358 2026 462 2100 nicis
479 2025 732 2120 subjecerint:
763 2023 855 2120 Syn.
869 2021 1004 2095 Chalc.
1020 2022 1114 2097 Can.
1124 2045 1265 2114 HVJ,
1297 2023 1430 2125 (**)et
1456 2027 1605 2122 Hispal.
1623 2031 1659 2108 ll
1717 2056 1720 2061 ·

361 2129 472 2223 prael'.
490 2129 587 2204 Can.
602 2140 669 2200 rx:
700 2125 749 2199 Si
777 2127 860 2221 quis
878 2123 1085 2220 Episcopus
1102 2126 1413 2199 Ecclesiasticarn
1444 2149 1516 2200 rem
1520 2180 1578 2201 .....
1581 2137 1660 2204 sine
1695 2189 1706 2197 .

346 2236 572 2306 testimonio
583 2228 763 2305 OEconomi
788 2225 1062 2325 gubernandam
1083 2226 1314 2319 crediderit,
1338 2251 1424 2303 vere
1441 2245 1482 2303 ut
1499 2246 1658 2307 contem·

360 2342 426 2405 tor
442 2337 645 2420 Cancrum,
670 2344 709 2404 et
717 2328 925 2424 fraudator
943 2330 1296 2405 Ecclesiasticarum
1323 2352 1471 2422 rerum,
1501 2358 1567 2406 non
1601 2359 1659 2409 so-

316 2526 320 2531 ·
359 2431 436 2506 ium
463 2435 662 2519 dChristo
690 2428 865 2503 derebus
889 2450 1087 2525 pauperum
1112 2431 1312 2532 judicatur
1336 2456 1446 2524 reus,
1461 2436 1528 2509 sed
1543 2440 1659 2511 etiam

361 2548 402 2608 et
419 2537 586 2613 Concilio
616 2531 776 2606 manebit
802 2529 990 2607 obrroaias.
1015 2531 1088 2605 Cui
1119 2549 1308 2608 consonat
1328 2534 1421 2632 Syn.
1452 2537 1578 2611 Tolet.
1599 2539 1653 2614 lV

361 2633 456 2713 ibid.
488 2639 569 2737 Qui
587 2635 754 2728 deinceps
776 2637 1028 2724 contemserit,
1071 2634 1215 2733 eligere
1232 2630 1515 2740 (Econnmum)
1544 2639 1654 2718 obno.

360 2742 449 2813 eius
464 2739 622 2842 ejusdem
639 2738 763 2831 magni
776 2734 933 2812 Concilio·
953 2741 1041 2810 erit.
1064 2737 1103 2836 *l
1131 2739 1229 2811 Tum
1244 2738 1505 2835 Metropolitis
1533 2741 1657 2819 iacul-

365 2853 485 2916 tatem
506 2835 683 2918 dederint
704 2840 742 2912 in
759 2836 953 2912 Ecclesiis¹
968 2862 1043 2913 sua
1062 2839 1272 2915 Provincia
1291 2842 1523 2918 (Economos
1541 2870 1655 2921 cons-

363 2942 532 3038 tituere,
560 2945 591 3017 si
619 2943 683 3039 qui
705 2941 759 3014 eis
783 2942 939 3015 subsunt
959 2942 1168 3039 Episcopi,
1201 2942 1323 3019 nolint
1355 2944 1393 3019 in
1428 2946 1503 3021 suis
1519 2948 1655 3026 Eccle-

360 3045 425 3119 siis
441 3037 946 3130 (Economos'constitueres
963 3042 1054 3141 Syn.
1072 3047 1230 3121 Nicaena
1248 3049 1279 3121 ll
1297 3046 1390 3121 Can.
1406 3071 1472 3126 rr.
1522 3054 1526 3059 ’

372 3195 374 3200 -
400 3150 506 3240 ,41η
542 3145 730 3223 redituum
752 3144 1116 3222 Ecclesiasticorutnv
1143 3147 1409 3225 distributione
1448 3154 1653 3252 antiquitus

359 3268 446 3323 eam
468 3253 626 3346 omnino
654 3247 825 3345 regulam
852 3248 966 3350 ¹fuisse
999 3267 1222 3348 servatam,
1248 3268 1290 3324 ut
1311 3269 1491 3347 quan-tum
1516 3260 1652 3355 cuique

357 3373 453 3446 opus
482 3368 565 3428 erat
580 3365 599 3443 ,'
619 3352 851 3426 tantundem
873 3349 1208 3444 acciperetr‘licetv
1232 3353 1373 3426 deinde
1404 3376 1486 3428 mos
1518 3357 1651 3433 invehi

355 3456 519 3549 coeperit
533 3445 609 3567 ,in
626 3453 807 3528 Ecclesiis
826 3453 1040 3546 prasertim¹
1055 3452 1398 3546 occidentalibus,
1426 3473 1467 3531 ut
1485 3458 1522 3531 in
1541 3484 1650 3558 quas·

355 3556 446 3631 dam
475 3557 593 3631 veluti
609 3556 818 3651 --portiones
851 3559 1187 3651 dispescerentur,
1217 3580 1375 3655 quarum
1396 3583 1469 3634 una
1485 3560 1649 3657 Episco-

353 3677 431 3753 po,
463 3659 583 3733 altera
598 3657 790 3744 clericis,
819 3659 932 3732 tertia
955 3657 1209 3755 pauperibus,
1239 3679 1373 3758 quarta
1393 3663 1545 3737 fabrica
1570 3668 1646 3748 irn-

352 3760 558 3855 pendenda
586 3771 863 3860 reservaretur:
900 3761 956 3858 lta
973 3758 1150 3837 Gelasius
1172 3761 1212 3833 P.
1233 3763 1361 3857 Epist.
1377 3762 1404 3834 I
1418 3765 1469 3837 ad
1486 3766 1646 3860 Episco-

346 3879 417 3954 pos
432 3860 610 3946 Lucania
637 3877 718 3953 cap.
737 3878 815 3955 29,
843 3856 1060 3953 Simplicius
1076 3863 1117 3934 P.
1132 3863 1263 3959 Epist.
1288 3885 1311 3961 3
1341 3867 1392 3937 ad
1406 3865 1576 3942 Floreat.
1604 3886 1644 3945 et

350 3960 559 4061 Gregorius
573 3964 629 4035 M.
645 3955 774 4055 Epist.
798 3985 840 4037 11
860 3959 946 4035 Lib.
962 3961 1058 4036 111.
1091 3968 1143 4039 At
1158 3968 1251 4068 ¹Syn.
1267 3965 1375 4040 Brac.
1393 3971 1407 4042 l
1430 3971 1525 4063 Cap.
1538 3970 1649 4051 Vll

350 4065 443 4140 alias
469 4064 702 4141 Canrrrv
727 4078 803 4137 tres
836 4075 986 4137 tantum
1022 4081 1149 4162 partes
1185 4069 1412 4157 constituit,
1450 4070 1644 4170 Episcopo
1749 4155 1754 4161 ,

348 4187 489 4257 unam,
510 4167 626 4242 aliam
644 4164 830 4255 Clericis,
853 4166 1006 4241 tertiam
1030 4169 1197 4243 aediliciis
1214 4225 1226 4259 ,
1245 4163 1285 4243 et
1304 4170 1553 4248 luminaribus
1569 4176 1641 4252 Ec·

348 4269 473 4343 clesiae
501 4269 719 4364 adsignans.
754 4268 927 4342 Proiecto
958 4271 996 4341 in
1030 4273 1105 4345 hac
1129 4274 1333 4368 partitione
1347 4273 1538 4371 Episcopo
1554 4281 1644 4352 hos·
1723 4269 1726 4276 ⁴

350 4371 517 4465 pitalitas
562 4373 777 4444 exercenda
818 4370 1114 4467 relinquebatur.
1138 4371 1463 4474 (**)-lnconcussa
1498 4379 1567 4453 fuit
1602 4382 1640 4458 iu

348 4471 533 4571 Hispania
560 4473 701 4569 triplex
726 4475 810 4549 baec
832 4470 1021 4551 bonorum
1048 4476 1201 4570 divisio.
1220 4475 1325 4555 'Eam
1361 4479 1523 4554 innuunt
1538 4482 1637 4625 pyr.
