4034 5275
1000 372 1017 417 ί
1112 409 1114 414 .

738 455 1304 536 LtthJttntasXVrtr.
1552 465 1621 559 185
1742 498 1745 505 ·

347 577 409 660 est
436 566 617 661 horarum
647 565 951 651 canonicarum,
982 564 1063 636 sive
1093 561 1280 637 Breviarii
1308 561 1511 639 recitatio:
1546 569 1650 645 unde

349 671 426 744 hoc
443 668 629 758 »aetrno
642 686 710 762 per
723 666 977 742 excellentiam
990 665 1363 741 DitinumOsllcium
1382 667 1543 743 dicitur:
1559 693 1654 766 prae·

351 770 484 846 se'r'tim
506 791 621 868 quum
644 769 694 844 ab
728 771 865 843 saeculo
888 792 929 842 xi
946 764 998 840 ¹in
1027 767 1155 843 multis
1174 768 1432 844 Beneficiariis
1450 773 1532 846 haec
1550 776 1652 848 dun-

268 923 273 927 -
331 887 459 967 „taxat
476 874 642 947 residere
671 873 836 968 coeperit
851 869 1037 971 obligatio
1056 897 1067 963 ς
1090 894 1296 970 eorumque
1315 888 1517 969 propterea
1537 874 1655 954 bene·

350 976 467 1066 ficia,
491 974 632 1072 quippe
650 1001 731 1072 quae
749 973 1060 1048 Ecclesiasticum
1085 974 1335 1048 ministerium
1362 977 1550 1051 adnexum
1570 1001 1648 1055 non

337 1076 559 1169 haberent,
576 1077 1093 1174 simpliciumsseueliciorum
1101 1099 1241 1150 nomen
1250 1079 1482 1174 acceperint.
1490 1075 1651 1181 (**)Sea

328 1203 469 1279 quum
483 1203 531 1255 ex
549 1181 776 1278 primigenia
794 1179 1071 1255 Beneficiorum
1096 1179 1333 1254 institutione
1358 1182 1408 1255 ad
1426 1182 1652 1258 Sacramen-

349 1297 479 1358 torum
497 1283 890 1369 administrationem,
906 1300 945 1356 et
961 1283 1196 1378 spiritualem
1213 1305 1342 1356 curam
1361 1285 1503 1378 populo
1518 1285 1556 1358 in
1572 1289 1652 1361 red·

350 1385 536 1461 ditionem
569 1386 822 1484 praestandam
848 1384 1133 1482 obstringamur
1151 1407 1282 1460 omnes
1298 1384 1560 1478 Beneficiarii,
1593 1412 1653 1464 re·

349 1505 504 1581 centem
522 1490 622 1563 hanc
639 1480 876 1585 Simplicium
888 1487 1164 1562 Beneficiorum
1185 1489 1515 1562 nomenclaturam
1546 1513 1651 1565 corn·

315 1592 325 1599 “
350 1592 568 1667 mestitiam
585 1614 666 1666 esse
677 1593 852 1685 judicant
870 1591 1145 1686 prudentiores.
1178 1590 1295 1665 Porro
1318 1591 1368 1665 ad
1388 1589 1566 1664 saeculum
1586 1616 1649 1667 us-

291 1714 312 1741 ··
349 1714 426 1791 que
448 1718 518 1768 xur
542 1696 646 1769 nulla
679 1695 760 1770 visa
793 1707 879 1767 sunt
906 1691 1095 1768 Beneficia
1129 1692 1329 1788 simplicia.
1362 1692 1463 1767 Huic
1490 1697 1651 1794 excogi2

261 1855 264 1863 .
328 1791 477 1879 ¹tanda
511 1798 673 1872 novitati
705 1797 947 1872 occasionem
980 1796 1123 1890 primus
1155 1795 1262 1869 dedit
1279 1793 1487 1893 Gregorius
1503 1796 1554 1868 IX
1572 1799 1649 1873 ca·

342 1901 431 1992 pite
453 1920 497 2000 17
513 1900 571 1996 ‚de
587 1899 749 1976 Clericis
774 1925 841 1974 non
864 1897 1140 1989 residentibus,
1171 1920 1287 1995 quum
1318 1900 1490 1972 decernit
1522 1897 1650 1975 Cleri-

347 2016 418 2076 cos
445 2022 521 2076 non
553 2002 784 2091 residentes,
806 2001 1004 2075 BeneficiIs
1036 1999 1255 2095 spoliandos
1276 2021 1384 2091 esse,
1413 2002 1445 2074 si
1460 2000 1650 2080 Beneficia

347 2099 538 2194 habeant,
554 2127 634 2201 qnae
647 2106 886 2179 residentiam
906 2105 1072 2198 exigant.
1086 2096 1143 2203 (*)

288 2223 292 2228 ·
404 2208 470 2280 XI.
496 2207 747 2283 Auctoritate
764 2205 950 2280 Ecclesia
972 2209 1239 2278 constitutum:
1270 2210 1312 2279 et
1344 2225 1435 2280 sane
1452 2202 1563 2279 sicuti
1580 2229 1652 2281 an·

349 2305 505 2405 tiquitus
540 2324 792 2406 proventuum
822 2307 1179 2382 Ecclesiasticorum
1214 2331 1306 2382 cura
1338 2329 1453 2405 penes
1485 2305 1649 2404 Episco-

297 2494 299 2499 ,
347 2429 442 2505 pum
470 2428 582 2503 erat,
611 2413 664 2486 ita
688 2409 928 2507 Episcopalis
945 2410 1151 2486 auctoritas
1173 2407 1358 2485 beneficio
1379 2410 1648 2489 constituendo

348 2514 472 2589 veluti
500 2527 613 2588 stratu
640 2513 906 2588 substantialis
935 2527 1004 2584 est.
1038 2513 1125 2586 Nec
1149 2534 1380 2608 quaecunque
1405 2511 1646 2610 Episcopalis

348 2618 497 2693 sanctio
512 2615 701 2692 Beneficio
719 2613 985 2691 constituendo
1000 2613 1091 2688 satis
1108 2628 1164 2687 est
1179 2639 1192 2705 ς
1212 2628 1252 2690 at
1270 2635 1315 2688 ea
1333 2613 1647 2716 requiritur,qua

345 2716 523 2810 usitatis,
557 2720 779 2818 statutisque
804 2716 983 2817 legibus,
1006 2741 1054 2793 ac
1076 2716 1209 2793 ritibus
1231 2716 1281 2791 ad
1291 2715 1476 2790 'Beneficii
1493 2719 1647 2797 titulum

346 2821 529 2922 erigatur.
562 2822 688 2922 Atque
713 2822 804 2899 hinc
822 2820 980 2920 colliges
995 2832 1230 2918 proventus,
1252 2820 1343 2894 licet
1360 2834 1544 2915 perpetuo
1567 2839 1647 2899 sta⁴
1709 2905 1712 2909 Δ

347 2918 446 2999 biles
479 2926 730 3015 constitutos,
760 2940 799 3001 et
816 2922 1054 3020 Clericisob
1077 2921 1273 3022 spirituale
1300 2922 1455 3020 aliquod
1476 2923 1646 3003 officium

347 3027 597 3125 adsignatos,
627 3028 682 3100 uti
709 3028 835 3125 legata
852 3027 946 3123 pia,
972 3042 1011 3101 et
1029 3026 1294 3123 Capellaniae,
1326 3024 1506 3100 Beneficii
1535 3044 1645 3106 natu·

345 3150 462 3219 ram,
493 3129 564 3203 nisi
593 3130 799 3205 accedente
815 3128 997 3226 Episcopi
1014 3129 1268 3219 auctoritate,
1301 3144 1340 3203 et
1371 3128 1550 3226 legitimis
1568 3135 1641 3208 ad-⁸

274 3289 278 3308 .
334 3226 480 3305 'hibitis
501 3230 845 3321 sollemnitatibus,
864 3253 940 3305 non
959 3234 1143 3321 induere3
1164 3233 1230 3305 sed
1249 3231 1437 3326 stipendia
1457 3233 1642 3310 duntaxat

343 3333 523 3423 censeri,
553 3334 616 3407 vel
646 3336 921 3431 eleemosynas.
958 3334 1047 3429 Jure
1073 3354 1220 3429 quoque
1237 3331 1496 3427 Neapolitano
1514 3332 1551 3403 in
1570 3334 1644 3409 Be⁴

345 3434 567 3509 neficiorum
584 3436 938 3512 Ecclesiasticorum
957 3435 1180 3511 fundatione
1210 3433 1351 3531 praevia
1375 3434 1539 3526 juridica
1566 3436 1646 3511 dis

265 3623 267 3628 Ι
344 3536 470 3611 cussio
489 3523 640 3633 prbrsui
659 3540 900 3637 requirit-ur,
929 3562 1012 3637 qoae
1031 3539 1061 3611 si
1079 3537 1203 3627 desit,
1233 3536 1378 3615 nullum
1396 3534 1499 3613 in'ea
1513 3537 1640 3615 Curiae

342 3635 623 3732 Ecclesiasticae
635 3643 696 3731 jus
713 3658 782 3718 est.
815 3642 994 3736 Repetita
1010 3640 1131 3739 Regia
1147 3641 1348 3736 Rescripta
1363 3696 1375 3731 ,
1389 3662 1452 3726 ,ac
1479 3663 1640 3737 praeser-

343 3739 417 3812 tim
446 3738 568 3830 bina,
604 3742 767 3813 alterum
799 3743 850 3812 ad
879 3744 1082 3838 Praesidern
1099 3747 1310 3836 Lyciearern
1334 3742 1393 3815 die
1427 3763 1449 3841 7
1472 3744 1639 3818 Navem*

340 3837 442 3915 bris
457 3844 574 3943 1767,
604 3842 768 3936 alterum
796 3841 848 3915 ad
864 3841 1067 3920 Praesidem
1083 3843 1335 3921 Cataaiensern
1365 3843 1425 3916 die
1450 3846 1499 3918 28
1527 3846 1637 3950 Maji

335 3943 459 4043 1768.
493 3941 575 4047 (**)
590 3948 700 4021 Hanc
729 3945 906 4020 beneficii
924 3945 1187 4022 Ecclesiastici
1209 3945 1429 4021 instituendi
1459 3970 1635 4028 normam

343 4046 500 4123 exhibet
514 4048 607 4144 Syn.
623 4051 778 4125 Dertus.
795 4071 858 4124 an.
878 4071 976 4147 1429
1001 4051 1093 4144 Cap.
1111 4049 1246 4126 VIII
1270 4050 1330 4122 his
1352 4048 1505 4124 verbis:
1532 4052 1637 4127 Nal.

342 4144 415 4221 inm
431 4150 476 4223 de
492 4166 613 4225 cetero
631 4151 850 4245 Beneficium
864 4152 1196 4240 Ecclesiasticus,
1218 4154 1297 4225 sine
1315 4157 1543 4230 auctoritate
1558 4158 1634 4231 Or·

341 4251 483 4324 dinarii
497 4253 549 4325 ad
563 4277 662 4348 quem
676 4258 866 4349 pertinet,
889 4262 927 4329 in
944 4258 1073 4350 aliqua
1091 4256 1283 4344 Ecclesia,
1297 4254 1360 4329 vel
1372 4254 1529 4350 Capella
1544 4283 1635 4352 qao·
1713 4305 1723 4309 -

283 4400 285 4403 -
343 4353 539 4430 modolibet
558 4359 777 4447 ordinetur,
812 4358 873 4451 qui
890 4356 1029 4449 quidem
1046 4356 1271 4431 Ordinarius
1286 4382 1351 4429 non
1366 4359 1481 4431 aliter
1490 4358 1633 4451 funda·

340 4455 461 4551 sioni,
493 4458 556 4535 vel
570 4458 810 4538 ordinationi
837 4458 1043 4561 hujusmodi
1056 4458 1233 4559 Beneficii
1249 4463 1510 4541 auctoritatem
1530 4485 1630 4559 prce·

348 4599 350 4604 ·
441 4622 444 4628 .
919 4581 921 4586 ’
1531 4564 1644 4655 dent,
