4034 5275
400 456 475 537 166
523 537 526 551 ,
664 531 675 550 ,
735 450 1016 530 Institutionum
1032 449 1297 529 Consultatum

368 621 370 626 .
422 563 506 635 ΧΠ.
533 552 646 651 Quod
661 579 754 633 vero
771 560 821 633 ad
839 558 949 649 ritus,
967 557 1074 646 sive,
1099 579 1191 653 quas
1208 563 1374 643 vocant,
1390 551 1657 635 sollemnitates

369 663 531 754 attinet,
551 661 685 758 quibus
703 659 891 734 bonorum
909 659 1087 734 Ecclesiae
1118 657 1297 731 alienatio
1321 659 1536 754 peragenda
1556 676 1653 752 erat,

361 767 645 859 advertendum
662 778 749 852 est,
782 762 1077 859 primoquidem
1095 813 1107 847 ,
1137 782 1253 857 quum
1269 757 1546 854 Episcopatum
1566 784 1654 857 pro·

367 866 467 942 bitas
494 867 584 942 satis
605 881 812 962 perspecta
842 881 967 954 esset,
997 863 1087 961 ipsis
1106 863 1291 936 duntaxat
1312 880 1356 936 ea
1385 862 1577 936 alienandi
1590 887 1652 938 au«

367 966 525 1044 binium
558 967 783 1064 permissum
810 967 946 1055 suisse3
973 987 1106 1039 eorum
1132 965 1234 1037 enim
1259 964 1403 1056 judicio
1440 963 1654 1062 disquiren-

367 1074 460 1147 dum
490 1068 798 1167 relinquebatur,
833 1091 924 1143 uum
961 1067 1142 1165 legitimae
1177 1063 1373 1139 subessent
1414 1066 1654 1143 alienationis

305 1203 309 1209 ·
367 1197 517 1263 causae,
545 1169 626 1274 (**)
642 1189 681 1244 et
711 1193 863 1245 omnem
887 1168 1071 1271 adhibere
1092 1190 1223 1242 curam
1255 1167 1505 1258 tenebantur,
1536 1192 1585 1243 ne
1607 1193 1654 1247 ex

367 1275 531 1362 fraude,¹
558 1289 622 1348 aut
651 1273 882 1370 negligentia
913 1273 951 1343 in
984 1286 1182 1345 contractu
1211 1271 1377 1344 fortassis
1406 1271 1655 1351 intervenien-

367 1390 435 1467 te,
466 1377 552 1474 quic
581 1398 667 1448 uam
700 1374 921 1449 detrimenti
939 1373 1109 1448 Ecclesia
1135 1389 1337 1468 pateretur.
1365 1373 1477 1447 Unde
1494 1371 1655 1469 Episco-

360 1500 419 1574 po
451 1400 634 1572 praedbrm
665 1479 818 1573 aliquod
846 1477 1022 1573 cuiquam
1055 1477 1104 1550 ud
1127 1475 1241 1569 ipsius
1272 1476 1391 1550 vitam
1414 1475 1653 1552 retinendum

364 1571 617 1676 praestatura,
639 1601 793 1653 causam
816 1580 972 1673 praestiti
996 1580 1034 1650 in
1060 1577 1198 1651 tabulis
1214 1577 1427 1652 necessario
1444 1577 1655 1681 describenf

350 1682 456 1755 ‘dam
486 1683 605 1754 unlrtit
631 1680 722 1778 Syn.
742 1682 865 1754 Tolet.
890 1682 939 1752 lX
964 1679 1140 1756 Cauris.
1174 1681 1297 1753 lmruo
1329 1679 1366 1752 iu
1395 1681 1654 1774 precariarum

341 1786 547 1878 scriptura
566 1803 679 1856 omue
714 1783 752 1854 id
783 1784 832 1855 ad
856 1784 955 1878 quod
975 1779 1430 1878 precautesligabantur,
1446 1784 1655 1877 exprimes·

356 1885 455 1958 dum
484 1901 593 1973 erat,
623 1903 662 1958 ut
683 1906 748 1957 nec
770 1903 837 1976 per
861 1883 1100 1957 detentionem
1124 1883 1289 1958 diurnam
1306 1883 1562 1983 praejudicinm
1584 1885 1653 1959 ad·

358 1985 472 2082 ferat
504 1983 720 2086 (precans)
753 1985 975 2075 Ecclesiae,
994 1999 1032 2058 et
1060 2007 1273 2080 quacunque
1299 1989 1336 2058 in
1363 2010 1461 2058 usum
1485 2005 1654 2082 percepe-

364 2091 451 2179 rit,
482 2087 611 2164 debeat
634 2089 781 2160 utiliter
803 2085 999 2177 laborare,
1021 2101 1063 2160 ut
1087 2111 1150 2161 nec
1174 2085 1386 2162 resDivini
1396 2087 1501 2186 juris
1525 2090 1654 2163 niden·

363 2203 429 2263 tur
462 2191 591 2285 aliqua
621 2192 805 2263 occasione
819 2260 823 2271 ,
837 2190 1002 2288 negligi,
1028 2202 1067 2261 et
1093 2187 1293 2264 subsidium
1322 2187 1370 2260 ab
1392 2189 1565 2262 Ecclesia
1595 2195 1656 2264 cui

363 2290 603 2379 deserviunt,
627 2294 815 2387 percipere
841 2287 1144 2385 possintClerici
1157 2312 1166 2359 ε
1195 2289 1336 2384 Synod.
1359 2287 1548 2360 Tolet.Vl
1575 2292 1655 2364 Ca·

359 2389 570 2493 nearest)
602 2392 718 2465 Porro
750 2396 824 2466 hac
851 2403 1036 2488 potestate
1068 2408 1181 2486 quum
1205 2389 1376 2463 nonnulli
1405 2387 1654 2469 abuterentur

363 2491 575 2591 Episcopi,
605 2494 851 2587 constitutum
870 2511 953 2580 est,
978 2507 1019 2565 ut
1037 2491 1068 2565 si
1085 2513 1144 2566 res
1162 2487 1395 2580 immobilis,
1420 2492 1483 2566 vel
1502 2491 1656 2570 mobilis

361 2598 528 2693 pretiosa
546 2597 804 2672 distrahenda
835 2614 931 2671 esset
950 2653 962 2685 ,
992 2595 1030 2668 in
1048 2594 1203 2692 Synodo
1219 2593 1496 2690 Episcoporum
1526 2594 1654 2673 discu-

323 2737 326 2743 ·
362 2714 535 2790 teretur,
564 2722 653 2772 num
680 2721 815 2774 revera
838 2699 877 2771 id
905 2698 1076 2794 legitima
1101 2697 1353 2786 necessitatis,
1377 2695 1653 2784 utilitatis,·aut

357 2800 515 2901 pietatis
546 2813 772 2897 ¹exposceret
796 2821 926 2873 causa:
957 2796 1234 2873 Canama
1247 2796 1652 2890 Cad.Africaa.Hila.

359 2902 437 2976 tius
456 2904 495 2975 P.
515 2903 642 2996 Epist.
658 2903 702 2978 8,
1457 2969 1459 2976 ,

329 3016 335 3027 ’Ὺ
361 3011 364 3016 “
413 3007 515 3079 Xlll.
543 3005 660 3078 Porro
692 3000 855 3099 sequutis
882 2997 1119 3097 temporibus
1136 3026 1181 3078 ea
1198 3002 1329 3077 hacin
1346 3003 1523 3101 reviguit
1541 3003 1651 3082 disci·-

346 3104 496 3200 ‘'pliua,
524 3126 638 3200 quam
661 3104 891 3198 descriptam
914 3104 1042 3200 legere
1076 3118 1133 3177 est
1163 3106 1201 3177 iu
1217 3106 1451 3179 Decretalii
1465 3103 1651 3186 Gratiano

359 3205 482 3281 Leoni
494 3204 552 3279 M.
570 3204 730 3280 tributa:
755 3202 848 3279 Can.
868 3225 938 3277 arr
958 3207 1070 3283 Ceus.
1091 3228 1137 3280 12
1157 3208 1207 3305 Q.
1223 3206 1248 3279 l
1252 3211 1276 3282 I
1287 3261 1299 3295 ,
1332 3208 1510 3284 nimirum
1530 3224 1570 3282 ut
1589 3234 1652 3286 sa·

359 3310 409 3382 tis
444 3310 492 3383 sit
507 3307 643 3399 Cleri,
673 3310 753 3383 sive
769 3305 1143 3404 Capituli'tractatus
1157 3364 1169 3400 ,
1182 3325 1233 3406 ,et
1258 3331 1478 3384 consensus:
1496 3313 1649 3389 nomine

357 3409 564 3486 Tractatus
597 3434 719 3485 causae
748 3409 1046 3499 discussionem,
1078 3427 1117 3485 et
1143 3412 1403 3508 cognitionem
1435 3413 1649 3507 intelligen-

361 3512 451 3584 dam
484 3526 617 3587 notant
649 3513 903 3585 communiter
918 3511 1150 3587 Canonistae.
1179 3509 1261 3613 (**)
1278 3514 1320 3585 ld
1345 3515 1543 3608 perspitue
1564 3504 1647 3591 'tra-

359 3614 423 3685 dit
452 3610 596 3709 Syuod.
614 3613 738 3688 Tolet.
767 3613 822 3687 lV
853 3612 945 3687 Can.
965 3614 1236 3689 anniti-alias
1268 3612 1409 3711 narrt
1433 3618 1491 3688 bis
1512 3615 1648 3694 vesbis:

359 3713 597 3809 Episcopus,
619 3718 681 3809 qui
711 3718 922 3808 nanciplum
942 3714 1048 3814 juris
1060 3714 1263 3805 Ecclesia,
1279 3741 1349 3791 nort
1361 3732 1502 3792 retentu
1518 3718 1615 3794 Eccl
1632 3762 1649 3777 -

357 3820 515 3892 siastico
539 3817 747 3913 patrocinio
764 3871 789 3906 ,.
804 3818 1015 3888 manumitti
1045 3817 1264 3910 desiderat,
1294 3820 1362 3894 dun
1387 3823 1512 3895 meriti
1547 3823 1645 3922 ejus·

358 3918 462 4006 lenm
488 3936 525 3994 et
546 3919 680 4012 peculii
710 3940 832 3992 coram
847 3919 1012 3992 Concilio
1027 3919 1211 3993 Ecclesia
1235 3922 1293 4003 cui
1310 3925 1552 4016 praenituet,
1577 3944 1646 4018 per

356 4023 664 4094 commutationem
691 4019 1002 4096 subscribentibus
1019 4020 1289 4095 Sacerdotibus
1318 4020 1481 4115 efficat,
1509 4039 1552 4101 ut
1577 4048 1647 4101 ra·

357 4136 433 4211 ta,
472 4136 509 4193 et
544 4121 656 4221 justa
688 4124 908 4198 inveniatur
945 4123 1109 4217 definitio
1146 4122 1486 4226 commaculasti)
1526 4128 1645 4226 lgitur

356 4220 594 4319 Episcopus,
625 4222 700 4299 ubi.
720 4223 910 4322 quandam
943 4226 1102 4322 adgredi
1125 4226 1220 4301 velit
1243 4227 1544 4318 alienationem,
1570 4230 1645 4308 Ca·

354 4325 816 4422 aonicos‘.ad2Qampauae
840 4327 1037 4417 sonitum,
1067 4328 1130 4401 vel
1157 4328 1267 4402 aliter
1289 4352 1359 4424 pro
1387 4351 1458 4421 ea,
1488 4334 1642 4427 quarti·

353 4443 418 4528 get
464 4425 519 4502 ibi
554 4428 817 4524 consuetodo,
850 4431 1043 4526 advocare
1083 4427 1229 4526 debet,
1266 4453 1356 4535 cunt
1385 4430 1532 4537 quibus,-
1555 4449 1638 4512 tum

355 4565 372 4598 -·.
803 4554 821 4606 ξ.
838 4545 864 4602 ζ.
1545 4559 1636 4616 cau.
