<?xml version="1.0" encoding="UTF-8"?>
<!DOCTYPE html PUBLIC "-//W3C//DTD XHTML 1.0 Transitional//EN"
    "http://www.w3.org/TR/xhtml1/DTD/xhtml1-transitional.dtd">
<html xmlns="http://www.w3.org/1999/xhtml" xml:lang="en" lang="en">
 <head>
  <title>
</title>
<meta http-equiv="Content-Type" content="text/html;charset=utf-8" />
  <meta name='ocr-system' content='tesseract 3.04.00' />
  <meta name='ocr-capabilities' content='ocr_page ocr_carea ocr_par ocr_line ocrx_word'/>
</head>
<body>
  <div class='ocr_page' id='page_1' title='image "./institutionumca00selvgoog_0079.png"; bbox 0 0 4034 5275; ppageno 0'>
   <div class='ocr_carea' id='block_1_1' title="bbox 306 470 1680 4232">
    <p class='ocr_par' dir='ltr' id='par_1_1' title="bbox 306 470 1680 4232">
     <span class='ocr_line' id='line_1_1' title="bbox 736 470 1664 580; baseline 0.002 -26"><span class='ocrx_word' id='word_1_1' title='bbox 736 471 889 559; x_wconf 55' lang='lat' dir='ltr'><em>olibet</em></span> <span class='ocrx_word' id='word_1_2' title='bbox 918 470 979 548; x_wconf 86' lang='lat' dir='ltr'><em>ll.</em></span> <span class='ocrx_word' id='word_1_3' title='bbox 1006 470 1156 551; x_wconf 77' lang='lat' dir='ltr'><em>Titulus</em></span> <span class='ocrx_word' id='word_1_4' title='bbox 1180 471 1295 553; x_wconf 72' lang='lat' dir='ltr'><em>Vt·-</em></span> <span class='ocrx_word' id='word_1_5' title='bbox 1449 480 1455 492; x_wconf 86' lang='lat'>&#39;</span> <span class='ocrx_word' id='word_1_6' title='bbox 1583 476 1664 580; x_wconf 78' lang='lat'><em>⁶7-</em></span> 
     </span>
     <span class='ocr_line' id='line_1_2' title="bbox 368 574 1656 682; baseline 0.001 -25"><span class='ocrx_word' id='word_1_7' title='bbox 368 579 533 674; x_wconf 86' lang='lat' dir='ltr'><em>tiantur,</em></span> <span class='ocrx_word' id='word_1_8' title='bbox 555 577 731 682; x_wconf 76' lang='lat' dir='ltr'><em>&#39;qualitati</em></span> <span class='ocrx_word' id='word_1_9' title='bbox 748 578 953 655; x_wconf 84' lang='lat' dir='ltr'><em>criminum</em></span> <span class='ocrx_word' id='word_1_10' title='bbox 972 579 1224 672; x_wconf 81' lang='lat' dir='ltr'><em>respondeat:</em></span> <span class='ocrx_word' id='word_1_11' title='bbox 1249 600 1293 672; x_wconf 81' lang='lat' dir='ltr'><em>ne</em></span> <span class='ocrx_word' id='word_1_12' title='bbox 1311 574 1468 670; x_wconf 73' lang='lat' dir='ltr'><em>risorie</em></span> <span class='ocrx_word' id='word_1_13' title='bbox 1487 587 1656 677; x_wconf 61' lang='lat' dir='ltr'><em>wratis</em></span> 
     </span>
     <span class='ocr_line' id='line_1_3' title="bbox 368 680 1656 779; baseline 0.001 -20"><span class='ocrx_word' id='word_1_14' title='bbox 368 689 606 776; x_wconf 75' lang='lat' dir='ltr'><em>conniveant,</em></span> <span class='ocrx_word' id='word_1_15' title='bbox 621 698 659 760; x_wconf 87' lang='lat' dir='ltr'><em>et</em></span> <span class='ocrx_word' id='word_1_16' title='bbox 676 682 928 779; x_wconf 84' lang='lat' dir='ltr'><em>indulgentius</em></span> <span class='ocrx_word' id='word_1_17' title='bbox 944 703 1023 753; x_wconf 86' lang='lat' dir='ltr'><em>cunt</em></span> <span class='ocrx_word' id='word_1_18' title='bbox 1036 680 1295 772; x_wconf 75' lang='lat' dir='ltr'><em>poenitentibus</em></span> <span class='ocrx_word' id='word_1_19' title='bbox 1310 699 1446 777; x_wconf 79' lang='lat' dir='ltr'><em>agata,</em></span> <span class='ocrx_word' id='word_1_20' title='bbox 1462 681 1656 760; x_wconf 83' lang='lat' dir='ltr'><em>levissima</em></span> 
     </span>
     <span class='ocr_line' id='line_1_4' title="bbox 367 782 1653 884; baseline 0.002 -24"><span class='ocrx_word' id='word_1_21' title='bbox 367 787 534 881; x_wconf 80' lang='lat' dir='ltr'><em>quadam</em></span> <span class='ocrx_word' id='word_1_22' title='bbox 555 807 666 882; x_wconf 90' lang='lat' dir='ltr'><em>opera</em></span> <span class='ocrx_word' id='word_1_23' title='bbox 682 804 752 881; x_wconf 93' lang='lat' dir='ltr'><em>pro</em></span> <span class='ocrx_word' id='word_1_24' title='bbox 765 782 1009 883; x_wconf 82' lang='lat' dir='ltr'><em>gravissimis</em></span> <span class='ocrx_word' id='word_1_25' title='bbox 1025 782 1177 861; x_wconf 86' lang='lat' dir='ltr'><em>delictis</em></span> <span class='ocrx_word' id='word_1_26' title='bbox 1192 783 1433 884; x_wconf 80' lang='lat' dir='ltr'><em>injungendo,</em></span> <span class='ocrx_word' id='word_1_27' title='bbox 1455 785 1653 863; x_wconf 88' lang='lat' dir='ltr'><em>alienarum</em></span> 
     </span>
     <span class='ocr_line' id='line_1_5' title="bbox 360 881 1652 985; baseline 0.005 -25"><span class='ocrx_word' id='word_1_28' title='bbox 360 904 592 981; x_wconf 76' lang='lat' dir='ltr'><em>peccantum</em></span> <span class='ocrx_word' id='word_1_29' title='bbox 606 889 817 982; x_wconf 76' lang='lat' dir='ltr'><em>participes</em></span> <span class='ocrx_word' id='word_1_30' title='bbox 841 881 1083 976; x_wconf 84' lang='lat' dir='ltr'><em>efficiantur:</em></span> <span class='ocrx_word' id='word_1_31' title='bbox 1110 885 1283 960; x_wconf 86' lang='lat' dir='ltr'><em>Trident.</em></span> <span class='ocrx_word' id='word_1_32' title='bbox 1301 885 1398 960; x_wconf 88' lang='lat' dir='ltr'><em>Sess.</em></span> <span class='ocrx_word' id='word_1_33' title='bbox 1413 911 1479 961; x_wconf 79' lang='grc' dir='ltr'><em>ιιι</em></span> <span class='ocrx_word' id='word_1_34' title='bbox 1500 911 1586 985; x_wconf 90' lang='lat' dir='ltr'><em>cap.</em></span> <span class='ocrx_word' id='word_1_35' title='bbox 1615 890 1652 967; x_wconf 83' lang='lat'><em>8.</em></span> 
     </span>
     <span class='ocr_line' id='line_1_6' title="bbox 363 985 1654 1088; baseline 0.005 -28"><span class='ocrx_word' id='word_1_36' title='bbox 363 988 448 1063; x_wconf 85' lang='lat' dir='ltr'><em>Sed</em></span> <span class='ocrx_word' id='word_1_37' title='bbox 460 992 675 1088; x_wconf 75' lang='lat' dir='ltr'><em>prudenter,</em></span> <span class='ocrx_word' id='word_1_38' title='bbox 690 1011 737 1063; x_wconf 88' lang='lat' dir='ltr'><em>nc</em></span> <span class='ocrx_word' id='word_1_39' title='bbox 749 989 872 1085; x_wconf 85' lang='lat' dir='ltr'><em>perite</em></span> <span class='ocrx_word' id='word_1_40' title='bbox 885 1007 929 1060; x_wconf 88' lang='lat' dir='ltr'><em>ea</em></span> <span class='ocrx_word' id='word_1_41' title='bbox 941 985 1179 1062; x_wconf 77' lang='lat' dir='ltr'><em>medicamina</em></span> <span class='ocrx_word' id='word_1_42' title='bbox 1195 989 1413 1078; x_wconf 82' lang='lat' dir='ltr'><em>adhibeant,</em></span> <span class='ocrx_word' id='word_1_43' title='bbox 1427 1014 1508 1084; x_wconf 84' lang='lat' dir='ltr'><em>qua</em></span> <span class='ocrx_word' id='word_1_44' title='bbox 1522 994 1654 1088; x_wconf 78' lang='lat' dir='ltr'><em>singu·</em></span> 
     </span>
     <span class='ocr_line' id='line_1_7' title="bbox 361 1087 1592 1194; baseline 0.003 -33"><span class='ocrx_word' id='word_1_45' title='bbox 361 1089 416 1163; x_wconf 89' lang='lat' dir='ltr'><em>lis</em></span> <span class='ocrx_word' id='word_1_46' title='bbox 432 1092 570 1168; x_wconf 81' lang='lat' dir='ltr'><em>morbis</em></span> <span class='ocrx_word' id='word_1_47' title='bbox 592 1107 678 1169; x_wconf 85' lang='lat' dir='ltr'><em>sunt</em></span> <span class='ocrx_word' id='word_1_48' title='bbox 693 1087 994 1165; x_wconf 72' lang='lat' dir='ltr'><em>adcommodatae</em></span> <span class='ocrx_word' id='word_1_49' title='bbox 1015 1088 1110 1183; x_wconf 86' lang='lat' dir='ltr'><em>Syn.</em></span> <span class='ocrx_word' id='word_1_50' title='bbox 1137 1089 1291 1166; x_wconf 87' lang='lat' dir='ltr'><em>Valent.</em></span> <span class='ocrx_word' id='word_1_51' title='bbox 1307 1091 1370 1166; x_wconf 88' lang='lat' dir='ltr'><em>ubi</em></span> <span class='ocrx_word' id='word_1_52' title='bbox 1386 1111 1513 1186; x_wconf 89' lang='lat' dir='ltr'><em>supro.</em></span> <span class='ocrx_word' id='word_1_53' title='bbox 1535 1089 1592 1194; x_wconf 75' lang='lat'>(²¹²)</span> 
     </span>
     <span class='ocr_line' id='line_1_8' title="bbox 363 1188 1650 1294; baseline 0.004 -27"><span class='ocrx_word' id='word_1_54' title='bbox 363 1234 367 1243; x_wconf 93' lang='lat'>·</span> <span class='ocrx_word' id='word_1_55' title='bbox 414 1189 495 1294; x_wconf 82' lang='lat'>(**)</span> <span class='ocrx_word' id='word_1_56' title='bbox 521 1195 627 1270; x_wconf 82' lang='lat' dir='ltr'><em>xlv.-</em></span> <span class='ocrx_word' id='word_1_57' title='bbox 657 1195 804 1269; x_wconf 77' lang='lat' dir='ltr'><em>Adhuc</em></span> <span class='ocrx_word' id='word_1_58' title='bbox 829 1188 1063 1265; x_wconf 80' lang='lat' dir='ltr'><em>confessarii</em></span> <span class='ocrx_word' id='word_1_59' title='bbox 1091 1191 1287 1267; x_wconf 85' lang='lat' dir='ltr'><em>dimittant</em></span> <span class='ocrx_word' id='word_1_60' title='bbox 1314 1216 1467 1268; x_wconf 84' lang='lat' dir='ltr'><em>necesse</em></span> <span class='ocrx_word' id='word_1_61' title='bbox 1496 1214 1553 1269; x_wconf 91' lang='lat' dir='ltr'><em>est</em></span> <span class='ocrx_word' id='word_1_62' title='bbox 1583 1218 1650 1272; x_wconf 86' lang='lat' dir='ltr'><em>eos</em></span> 
     </span>
     <span class='ocr_line' id='line_1_9' title="bbox 360 1293 1649 1394; baseline 0.005 -26"><span class='ocrx_word' id='word_1_63' title='bbox 360 1296 620 1387; x_wconf 86' lang='lat' dir='ltr'><em>poenitentes,</em></span> <span class='ocrx_word' id='word_1_64' title='bbox 649 1297 714 1394; x_wconf 91' lang='lat' dir='ltr'><em>qui</em></span> <span class='ocrx_word' id='word_1_65' title='bbox 745 1293 871 1369; x_wconf 82' lang='lat' dir='ltr'><em>fratris</em></span> <span class='ocrx_word' id='word_1_66' title='bbox 902 1295 1088 1366; x_wconf 86' lang='lat' dir='ltr'><em>honorem</em></span> <span class='ocrx_word' id='word_1_67' title='bbox 1121 1294 1399 1390; x_wconf 84' lang='lat' dir='ltr'><em>deturparunt,</em></span> <span class='ocrx_word' id='word_1_68' title='bbox 1428 1297 1492 1393; x_wconf 87' lang='lat' dir='ltr'><em>qui</em></span> <span class='ocrx_word' id='word_1_69' title='bbox 1521 1297 1649 1375; x_wconf 90' lang='lat' dir='ltr'><em>aliena</em></span> 
     </span>
     <span class='ocr_line' id='line_1_10' title="bbox 362 1390 1646 1494; baseline 0.005 -25"><span class='ocrx_word' id='word_1_70' title='bbox 362 1390 465 1472; x_wconf 86' lang='lat' dir='ltr'><em>bona</em></span> <span class='ocrx_word' id='word_1_71' title='bbox 487 1400 679 1487; x_wconf 84' lang='lat' dir='ltr'><em>retinent,</em></span> <span class='ocrx_word' id='word_1_72' title='bbox 708 1398 772 1494; x_wconf 92' lang='lat' dir='ltr'><em>qui</em></span> <span class='ocrx_word' id='word_1_73' title='bbox 798 1397 838 1468; x_wconf 93' lang='lat' dir='ltr'><em>in</em></span> <span class='ocrx_word' id='word_1_74' title='bbox 860 1396 1036 1490; x_wconf 85' lang='lat' dir='ltr'><em>proxima</em></span> <span class='ocrx_word' id='word_1_75' title='bbox 1058 1397 1244 1490; x_wconf 88' lang='lat' dir='ltr'><em>peccandi</em></span> <span class='ocrx_word' id='word_1_76' title='bbox 1268 1397 1470 1471; x_wconf 87' lang='lat' dir='ltr'><em>occasione</em></span> <span class='ocrx_word' id='word_1_77' title='bbox 1492 1422 1646 1476; x_wconf 87' lang='lat' dir='ltr'><em>versan-</em></span> 
     </span>
     <span class='ocr_line' id='line_1_11' title="bbox 359 1493 1647 1596; baseline 0.004 -27"><span class='ocrx_word' id='word_1_78' title='bbox 359 1507 437 1572; x_wconf 85' lang='lat' dir='ltr'><em>tur.</em></span> <span class='ocrx_word' id='word_1_79' title='bbox 457 1497 604 1575; x_wconf 87' lang='lat' dir='ltr'><em>Eadem</em></span> <span class='ocrx_word' id='word_1_80' title='bbox 621 1503 712 1595; x_wconf 76' lang='lat' dir='ltr'><em>Syn.</em></span> <span class='ocrx_word' id='word_1_81' title='bbox 731 1497 881 1577; x_wconf 87' lang='lat' dir='ltr'><em>Valent.</em></span> <span class='ocrx_word' id='word_1_82' title='bbox 899 1493 993 1570; x_wconf 85' lang='lat' dir='ltr'><em>ibid.</em></span> <span class='ocrx_word' id='word_1_83' title='bbox 1012 1500 1073 1590; x_wconf 91' lang='lat' dir='ltr'><em>qui</em></span> <span class='ocrx_word' id='word_1_84' title='bbox 1089 1501 1205 1587; x_wconf 88' lang='lat' dir='ltr'><em>enim,</em></span> <span class='ocrx_word' id='word_1_85' title='bbox 1227 1500 1494 1596; x_wconf 86' lang='lat' dir='ltr'><em>progreditur,</em></span> <span class='ocrx_word' id='word_1_86' title='bbox 1510 1519 1647 1593; x_wconf 88' lang='lat' dir='ltr'><em>pecca·</em></span> 
     </span>
     <span class='ocr_line' id='line_1_12' title="bbox 361 1599 1648 1697; baseline 0.005 -25"><span class='ocrx_word' id='word_1_87' title='bbox 361 1609 407 1672; x_wconf 83' lang='lat' dir='ltr'><em>ta</em></span> <span class='ocrx_word' id='word_1_88' title='bbox 434 1619 601 1696; x_wconf 89' lang='lat' dir='ltr'><em>quantum</em></span> <span class='ocrx_word' id='word_1_89' title='bbox 627 1604 671 1675; x_wconf 94' lang='lat' dir='ltr'><em>in·</em></span> <span class='ocrx_word' id='word_1_90' title='bbox 686 1623 727 1675; x_wconf 87' lang='lat' dir='ltr'><em>se</em></span> <span class='ocrx_word' id='word_1_91' title='bbox 752 1614 840 1688; x_wconf 88' lang='lat' dir='ltr'><em>est,</em></span> <span class='ocrx_word' id='word_1_92' title='bbox 866 1622 933 1671; x_wconf 91' lang='lat' dir='ltr'><em>non</em></span> <span class='ocrx_word' id='word_1_93' title='bbox 962 1599 1101 1697; x_wconf 82' lang='lat' dir='ltr'><em>quellit</em></span> <span class='ocrx_word' id='word_1_94' title='bbox 1124 1599 1336 1691; x_wconf 84' lang='lat' dir='ltr'><em>radicitus,</em></span> <span class='ocrx_word' id='word_1_95' title='bbox 1365 1623 1429 1674; x_wconf 90' lang='lat' dir='ltr'><em>nec</em></span> <span class='ocrx_word' id='word_1_96' title='bbox 1458 1603 1578 1675; x_wconf 87' lang='lat' dir='ltr'><em>uitam</em></span> <span class='ocrx_word' id='word_1_97' title='bbox 1606 1607 1648 1678; x_wconf 84' lang='lat' dir='ltr'><em>in</em></span> 
     </span>
     <span class='ocr_line' id='line_1_13' title="bbox 358 1697 1646 1801; baseline 0.007 -30"><span class='ocrx_word' id='word_1_98' title='bbox 358 1699 488 1777; x_wconf 84' lang='lat' dir='ltr'><em>melius</em></span> <span class='ocrx_word' id='word_1_99' title='bbox 515 1718 733 1778; x_wconf 83' lang='lat' dir='ltr'><em>commutare</em></span> <span class='ocrx_word' id='word_1_100' title='bbox 763 1703 935 1790; x_wconf 85' lang='lat' dir='ltr'><em>statuit,</em></span> <span class='ocrx_word' id='word_1_101' title='bbox 960 1697 1133 1793; x_wconf 88' lang='lat' dir='ltr'><em>fractum</em></span> <span class='ocrx_word' id='word_1_102' title='bbox 1163 1701 1270 1801; x_wconf 83' lang='lat' dir='ltr'><em>bajus</em></span> <span class='ocrx_word' id='word_1_103' title='bbox 1304 1707 1541 1780; x_wconf 87' lang='lat' dir='ltr'><em>Sacramentt&#39;</em></span> <span class='ocrx_word' id='word_1_104' title='bbox 1577 1731 1646 1780; x_wconf 89' lang='lat' dir='ltr'><em>non</em></span> 
     </span>
     <span class='ocr_line' id='line_1_14' title="bbox 306 1799 1656 1901; baseline 0.004 -24"><span class='ocrx_word' id='word_1_105' title='bbox 306 1800 328 1877; x_wconf 84' lang='lat'><em>.&#39;</em></span> <span class='ocrx_word' id='word_1_106' title='bbox 357 1799 586 1898; x_wconf 85' lang='lat' dir='ltr'><em>adsequitur.</em></span> <span class='ocrx_word' id='word_1_107' title='bbox 619 1803 818 1881; x_wconf 87' lang='lat' dir='ltr'><em>Recidivis</em></span> <span class='ocrx_word' id='word_1_108' title='bbox 851 1823 1031 1900; x_wconf 78' lang='lat' dir='ltr'><em>quoque,</em></span> <span class='ocrx_word' id='word_1_109' title='bbox 1060 1816 1101 1875; x_wconf 87' lang='lat' dir='ltr'><em>et</em></span> <span class='ocrx_word' id='word_1_110' title='bbox 1136 1801 1271 1878; x_wconf 89' lang='lat' dir='ltr'><em>inolita</em></span> <span class='ocrx_word' id='word_1_111' title='bbox 1298 1803 1542 1901; x_wconf 89' lang='lat' dir='ltr'><em>delinquendi</em></span> <span class='ocrx_word' id='word_1_112' title='bbox 1573 1810 1656 1889; x_wconf 54' lang='lat' dir='ltr'><em>has</em></span> 
     </span>
     <span class='ocr_line' id='line_1_15' title="bbox 356 1896 1644 2003; baseline 0.009 -30"><span class='ocrx_word' id='word_1_113' title='bbox 356 1896 534 1980; x_wconf 83' lang='lat' dir='ltr'><em>bitudine</em></span> <span class='ocrx_word' id='word_1_114' title='bbox 564 1906 797 2002; x_wconf 86' lang='lat' dir='ltr'><em>implicatis,</em></span> <span class='ocrx_word' id='word_1_115' title='bbox 820 1902 1099 1978; x_wconf 87' lang='lat' dir='ltr'><em>absolutionem</em></span> <span class='ocrx_word' id='word_1_116' title='bbox 1124 1905 1282 1979; x_wconf 90' lang='lat' dir='ltr'><em>minime</em></span> <span class='ocrx_word' id='word_1_117' title='bbox 1307 1907 1526 2003; x_wconf 83' lang='lat' dir='ltr'><em>elargiatur.</em></span> <span class='ocrx_word' id='word_1_118' title='bbox 1549 1911 1644 1986; x_wconf 78' lang='lat' dir='ltr'><em>Hac</em></span> 
     </span>
     <span class='ocr_line' id='line_1_16' title="bbox 354 2004 1644 2104; baseline 0.01 -30"><span class='ocrx_word' id='word_1_119' title='bbox 354 2004 473 2078; x_wconf 83' lang='lat' dir='ltr'><em>totius</em></span> <span class='ocrx_word' id='word_1_120' title='bbox 490 2024 593 2083; x_wconf 87' lang='lat' dir='ltr'><em>retro</em></span> <span class='ocrx_word' id='word_1_121' title='bbox 616 2005 852 2103; x_wconf 83' lang='lat' dir='ltr'><em>antiquitatis</em></span> <span class='ocrx_word' id='word_1_122' title='bbox 878 2007 1053 2079; x_wconf 88' lang='lat' dir='ltr'><em>doctrina</em></span> <span class='ocrx_word' id='word_1_123' title='bbox 1075 2021 1157 2092; x_wconf 91' lang='lat' dir='ltr'><em>est,</em></span> <span class='ocrx_word' id='word_1_124' title='bbox 1184 2008 1328 2083; x_wconf 91' lang='lat' dir='ltr'><em>scilicet</em></span> <span class='ocrx_word' id='word_1_125' title='bbox 1356 2009 1449 2104; x_wconf 81' lang='lat' dir='ltr'><em>Syn.</em></span> <span class='ocrx_word' id='word_1_126' title='bbox 1467 2007 1644 2088; x_wconf 81' lang='lat' dir='ltr'><em>llliberit.</em></span> 
     </span>
     <span class='ocr_line' id='line_1_17' title="bbox 352 2099 1643 2198; baseline 0.006 -20"><span class='ocrx_word' id='word_1_127' title='bbox 352 2099 452 2180; x_wconf 79' lang='lat' dir='ltr'><em>Can.</em></span> <span class='ocrx_word' id='word_1_128' title='bbox 471 2127 544 2198; x_wconf 82' lang='grc' dir='ltr'><em>ιιι,</em></span> <span class='ocrx_word' id='word_1_129' title='bbox 561 2121 660 2195; x_wconf 74' lang='lat' dir='ltr'><em>etos,</em></span> <span class='ocrx_word' id='word_1_130' title='bbox 682 2126 821 2194; x_wconf 73' lang='lat' dir='ltr'><em>ronst,</em></span> <span class='ocrx_word' id='word_1_131' title='bbox 841 2120 880 2179; x_wconf 86' lang='lat' dir='ltr'><em>et</em></span> <span class='ocrx_word' id='word_1_132' title='bbox 897 2124 1009 2194; x_wconf 74' lang='lat' dir='ltr'><em>surr,</em></span> <span class='ocrx_word' id='word_1_133' title='bbox 1025 2119 1065 2179; x_wconf 89' lang='lat' dir='ltr'><em>et</em></span> <span class='ocrx_word' id='word_1_134' title='bbox 1081 2105 1203 2180; x_wconf 89' lang='lat' dir='ltr'><em>Siricii</em></span> <span class='ocrx_word' id='word_1_135' title='bbox 1221 2109 1269 2181; x_wconf 88' lang='lat' dir='ltr'><em>ad</em></span> <span class='ocrx_word' id='word_1_136' title='bbox 1288 2109 1525 2183; x_wconf 84' lang='lat' dir='ltr'><em>Hicmerium</em></span> <span class='ocrx_word' id='word_1_137' title='bbox 1548 2112 1643 2186; x_wconf 89' lang='lat' dir='ltr'><em>Tar·</em></span> 
     </span>
     <span class='ocr_line' id='line_1_18' title="bbox 353 2205 1643 2305; baseline 0.011 -28"><span class='ocrx_word' id='word_1_138' title='bbox 353 2226 435 2290; x_wconf 79' lang='lat' dir='ltr'><em>rac.</em></span> <span class='ocrx_word' id='word_1_139' title='bbox 458 2207 553 2304; x_wconf 88' lang='lat' dir='ltr'><em>Cap.</em></span> <span class='ocrx_word' id='word_1_140' title='bbox 576 2207 632 2284; x_wconf 89' lang='lat' dir='ltr'><em>V.</em></span> <span class='ocrx_word' id='word_1_141' title='bbox 656 2207 748 2305; x_wconf 90' lang='lat' dir='ltr'><em>Syn.</em></span> <span class='ocrx_word' id='word_1_142' title='bbox 765 2208 889 2282; x_wconf 84' lang='lat' dir='ltr'><em>Tolet.</em></span> <span class='ocrx_word' id='word_1_143' title='bbox 911 2207 964 2280; x_wconf 96' lang='lat' dir='ltr'><em>lll</em></span> <span class='ocrx_word' id='word_1_144' title='bbox 981 2205 1075 2281; x_wconf 88' lang='lat' dir='ltr'><em>Can.</em></span> <span class='ocrx_word' id='word_1_145' title='bbox 1093 2226 1143 2278; x_wconf 84' lang='grc' dir='ltr'><em>ιιι</em></span> <span class='ocrx_word' id='word_1_146' title='bbox 1163 2209 1211 2282; x_wconf 90' lang='lat' dir='ltr'><em>de</em></span> <span class='ocrx_word' id='word_1_147' title='bbox 1228 2209 1355 2285; x_wconf 80' lang='lat' dir='ltr'><em>luxata</em></span> <span class='ocrx_word' id='word_1_148' title='bbox 1370 2213 1450 2303; x_wconf 81' lang='lat' dir='ltr'><em>Jam</em></span> <span class='ocrx_word' id='word_1_149' title='bbox 1470 2226 1549 2284; x_wconf 91' lang='lat' dir='ltr'><em>tum</em></span> <span class='ocrx_word' id='word_1_150' title='bbox 1568 2215 1643 2291; x_wconf 85' lang='lat' dir='ltr'><em>hac</em></span> 
     </span>
     <span class='ocr_line' id='line_1_19' title="bbox 352 2305 1645 2410; baseline 0.012 -32"><span class='ocrx_word' id='word_1_151' title='bbox 352 2305 395 2378; x_wconf 89' lang='lat' dir='ltr'><em>in</em></span> <span class='ocrx_word' id='word_1_152' title='bbox 417 2331 459 2387; x_wconf 88' lang='lat' dir='ltr'><em>re</em></span> <span class='ocrx_word' id='word_1_153' title='bbox 482 2311 709 2410; x_wconf 81' lang='lat' dir='ltr'><em>disciplina,</em></span> <span class='ocrx_word' id='word_1_154' title='bbox 734 2312 786 2385; x_wconf 91' lang='lat' dir='ltr'><em>ita</em></span> <span class='ocrx_word' id='word_1_155' title='bbox 810 2310 1079 2407; x_wconf 89' lang='lat' dir='ltr'><em>conqueritur:</em></span> <span class='ocrx_word' id='word_1_156' title='bbox 1103 2307 1349 2406; x_wconf 85' lang='lat' dir='ltr'><em>Comperimus</em></span> <span class='ocrx_word' id='word_1_157' title='bbox 1364 2331 1434 2406; x_wconf 89' lang='lat' dir='ltr'><em>per</em></span> <span class='ocrx_word' id='word_1_158' title='bbox 1465 2314 1645 2408; x_wconf 85' lang='lat' dir='ltr'><em>quasdam</em></span> 
     </span>
     <span class='ocr_line' id='line_1_20' title="bbox 350 2407 1644 2509; baseline 0.01 -29"><span class='ocrx_word' id='word_1_159' title='bbox 350 2407 630 2504; x_wconf 86' lang='lat' dir='ltr'><em>Hispaniarum</em></span> <span class='ocrx_word' id='word_1_160' title='bbox 659 2411 883 2502; x_wconf 82' lang='lat' dir='ltr'><em>Ecclesias,</em></span> <span class='ocrx_word' id='word_1_161' title='bbox 913 2435 981 2484; x_wconf 93' lang='lat' dir='ltr'><em>non</em></span> <span class='ocrx_word' id='word_1_162' title='bbox 1016 2410 1206 2495; x_wconf 86' lang='lat' dir='ltr'><em>secandum</em></span> <span class='ocrx_word' id='word_1_163' title='bbox 1234 2413 1440 2505; x_wconf 87' lang='lat' dir='ltr'><em>Cononem,</em></span> <span class='ocrx_word' id='word_1_164' title='bbox 1476 2417 1544 2490; x_wconf 89' lang='lat' dir='ltr'><em>sed</em></span> <span class='ocrx_word' id='word_1_165' title='bbox 1559 2416 1644 2509; x_wconf 81' lang='lat' dir='ltr'><em>fae·</em></span> 
     </span>
     <span class='ocr_line' id='line_1_21' title="bbox 350 2507 1642 2610; baseline 0.006 -25"><span class='ocrx_word' id='word_1_166' title='bbox 350 2507 505 2586; x_wconf 87' lang='lat' dir='ltr'><em>dissime</em></span> <span class='ocrx_word' id='word_1_167' title='bbox 533 2532 604 2608; x_wconf 90' lang='lat' dir='ltr'><em>pro</em></span> <span class='ocrx_word' id='word_1_168' title='bbox 636 2517 716 2593; x_wconf 88' lang='lat' dir='ltr'><em>sair</em></span> <span class='ocrx_word' id='word_1_169' title='bbox 741 2517 912 2606; x_wconf 88' lang='lat' dir='ltr'><em>peccatis</em></span> <span class='ocrx_word' id='word_1_170' title='bbox 942 2513 1100 2586; x_wconf 81' lang='lat' dir='ltr'><em>bantines</em></span> <span class='ocrx_word' id='word_1_171' title='bbox 1138 2535 1248 2608; x_wconf 87' lang='lat' dir='ltr'><em>agere</em></span> <span class='ocrx_word' id='word_1_172' title='bbox 1282 2519 1569 2610; x_wconf 74' lang='lat' dir='ltr'><em>poenitentiam,</em></span> <span class='ocrx_word' id='word_1_173' title='bbox 1599 2538 1642 2596; x_wconf 89' lang='lat' dir='ltr'><em>ut</em></span> 
     </span>
     <span class='ocr_line' id='line_1_22' title="bbox 350 2612 1642 2713; baseline 0.006 -27"><span class='ocrx_word' id='word_1_174' title='bbox 350 2619 629 2713; x_wconf 86' lang='lat' dir='ltr'><em>quotiescunque</em></span> <span class='ocrx_word' id='word_1_175' title='bbox 655 2633 810 2710; x_wconf 90' lang='lat' dir='ltr'><em>peccare</em></span> <span class='ocrx_word' id='word_1_176' title='bbox 842 2612 1024 2703; x_wconf 85' lang='lat' dir='ltr'><em>libuerit,</em></span> <span class='ocrx_word' id='word_1_177' title='bbox 1058 2614 1169 2689; x_wconf 87' lang='lat' dir='ltr'><em>toties</em></span> <span class='ocrx_word' id='word_1_178' title='bbox 1200 2616 1225 2689; x_wconf 88' lang='lat' dir='ltr'><em>d</em></span> <span class='ocrx_word' id='word_1_179' title='bbox 1256 2616 1480 2709; x_wconf 76' lang='lat' dir='ltr'><em>Presbytero</em></span> <span class='ocrx_word' id='word_1_180' title='bbox 1511 2641 1553 2692; x_wconf 88' lang='lat' dir='ltr'><em>se</em></span> <span class='ocrx_word' id='word_1_181' title='bbox 1578 2642 1642 2695; x_wconf 87' lang='lat' dir='ltr'><em>re·</em></span> 
     </span>
     <span class='ocr_line' id='line_1_23' title="bbox 351 2716 1660 2822; baseline 0.005 -32"><span class='ocrx_word' id='word_1_182' title='bbox 351 2718 547 2792; x_wconf 84' lang='lat' dir='ltr'><em>conciliari</em></span> <span class='ocrx_word' id='word_1_183' title='bbox 573 2720 820 2822; x_wconf 78' lang='lat' dir='ltr'><em>expostulent.</em></span> <span class='ocrx_word' id='word_1_184' title='bbox 847 2718 927 2789; x_wconf 89' lang='lat' dir='ltr'><em>Has</em></span> <span class='ocrx_word' id='word_1_185' title='bbox 960 2716 1232 2810; x_wconf 87' lang='lat' dir='ltr'><em>Hispaniarum</em></span> <span class='ocrx_word' id='word_1_186' title='bbox 1268 2717 1423 2794; x_wconf 90' lang='lat' dir='ltr'><em>Patrum</em></span> <span class='ocrx_word' id='word_1_187' title='bbox 1451 2721 1660 2816; x_wconf 57' lang='lat' dir='ltr'><em>querimot,</em></span> 
     </span>
     <span class='ocr_line' id='line_1_24' title="bbox 353 2816 1642 2911; baseline 0.009 -22"><span class='ocrx_word' id='word_1_188' title='bbox 353 2817 437 2892; x_wconf 89' lang='lat' dir='ltr'><em>nias</em></span> <span class='ocrx_word' id='word_1_189' title='bbox 461 2821 492 2893; x_wconf 91' lang='lat' dir='ltr'><em>si</em></span> <span class='ocrx_word' id='word_1_190' title='bbox 520 2821 619 2895; x_wconf 88' lang='lat' dir='ltr'><em>serio</em></span> <span class='ocrx_word' id='word_1_191' title='bbox 641 2822 872 2894; x_wconf 89' lang='lat' dir='ltr'><em>meditentur</em></span> <span class='ocrx_word' id='word_1_192' title='bbox 893 2818 1067 2893; x_wconf 89' lang='lat' dir='ltr'><em>nonnulli</em></span> <span class='ocrx_word' id='word_1_193' title='bbox 1090 2816 1350 2911; x_wconf 84' lang='lat' dir='ltr'><em>confessarii,</em></span> <span class='ocrx_word' id='word_1_194' title='bbox 1378 2821 1468 2895; x_wconf 88' lang='lat' dir='ltr'><em>totis</em></span> <span class='ocrx_word' id='word_1_195' title='bbox 1485 2822 1642 2900; x_wconf 87' lang='lat' dir='ltr'><em>artubus</em></span> 
     </span>
     <span class='ocr_line' id='line_1_25' title="bbox 352 2920 1641 3020; baseline 0.006 -27"><span class='ocrx_word' id='word_1_196' title='bbox 352 2924 653 2998; x_wconf 83' lang='lat' dir='ltr'><em>contremiscant</em></span> <span class='ocrx_word' id='word_1_197' title='bbox 682 2932 842 2998; x_wconf 88' lang='lat' dir='ltr'><em>necesse‘</em></span> <span class='ocrx_word' id='word_1_198' title='bbox 856 2934 926 2995; x_wconf 89' lang='lat' dir='ltr'><em>est.</em></span> <span class='ocrx_word' id='word_1_199' title='bbox 951 2922 1101 3017; x_wconf 82' lang='lat' dir='ltr'><em>Legunt</em></span> <span class='ocrx_word' id='word_1_200' title='bbox 1129 2920 1408 3020; x_wconf 86' lang='lat' dir='ltr'><em>insuperSyn.</em></span> <span class='ocrx_word' id='word_1_201' title='bbox 1436 2924 1558 2999; x_wconf 88' lang='lat' dir='ltr'><em>Tolet.</em></span> <span class='ocrx_word' id='word_1_202' title='bbox 1585 2926 1641 3001; x_wconf 88' lang='lat' dir='ltr'><em>Vl</em></span> 
     </span>
     <span class='ocr_line' id='line_1_26' title="bbox 353 3018 1644 3123; baseline 0.005 -28"><span class='ocrx_word' id='word_1_203' title='bbox 353 3018 453 3097; x_wconf 89' lang='lat' dir='ltr'><em>Can.</em></span> <span class='ocrx_word' id='word_1_204' title='bbox 472 3047 551 3099; x_wconf 75' lang='lat' dir='ltr'><em>vsu:</em></span> <span class='ocrx_word' id='word_1_205' title='bbox 569 3024 820 3102; x_wconf 65' lang='lat' dir='ltr'><em>Sacerdos...</em></span> <span class='ocrx_word' id='word_1_206' title='bbox 837 3025 872 3097; x_wconf 90' lang='lat' dir='ltr'><em>si</em></span> <span class='ocrx_word' id='word_1_207' title='bbox 889 3046 950 3096; x_wconf 89' lang='lat' dir='ltr'><em>eos</em></span> <span class='ocrx_word' id='word_1_208' title='bbox 965 3018 1202 3123; x_wconf 86' lang='lat' dir='ltr'><em>(recidivus)</em></span> <span class='ocrx_word' id='word_1_209' title='bbox 1219 3024 1380 3118; x_wconf 89' lang='lat' dir='ltr'><em>quolibet</em></span> <span class='ocrx_word' id='word_1_210' title='bbox 1397 3048 1538 3100; x_wconf 73' lang='lat' dir='ltr'><em>manne</em></span> <span class='ocrx_word' id='word_1_211' title='bbox 1551 3081 1564 3115; x_wconf 95' lang='lat'><em>,</em></span> <span class='ocrx_word' id='word_1_212' title='bbox 1577 3023 1644 3103; x_wconf 80' lang='lat' dir='ltr'><em>uel</em></span> 
     </span>
     <span class='ocr_line' id='line_1_27' title="bbox 345 3122 1680 3223; baseline 0.006 -25"><span class='ocrx_word' id='word_1_213' title='bbox 345 3122 516 3215; x_wconf 82' lang='lat' dir='ltr'><em>fauore,</em></span> <span class='ocrx_word' id='word_1_214' title='bbox 533 3141 607 3201; x_wconf 83' lang='lat' dir='ltr'><em>aut</em></span> <span class='ocrx_word' id='word_1_215' title='bbox 625 3125 823 3223; x_wconf 80' lang='lat' dir='ltr'><em>diligentia</em></span> <span class='ocrx_word' id='word_1_216' title='bbox 841 3127 1028 3199; x_wconf 88' lang='lat' dir='ltr'><em>admonere</em></span> <span class='ocrx_word' id='word_1_217' title='bbox 1044 3125 1227 3214; x_wconf 85' lang='lat' dir='ltr'><em>noluerit,</em></span> <span class='ocrx_word' id='word_1_218' title='bbox 1250 3139 1289 3201; x_wconf 87' lang='lat' dir='ltr'><em>et</em></span> <span class='ocrx_word' id='word_1_219' title='bbox 1313 3145 1380 3203; x_wconf 91' lang='lat' dir='ltr'><em>aut</em></span> <span class='ocrx_word' id='word_1_220' title='bbox 1407 3143 1640 3206; x_wconf 84' lang='lat' dir='ltr'><em>revertenter</em></span> <span class='ocrx_word' id='word_1_221' title='bbox 1678 3141 1680 3148; x_wconf 87' lang='lat'>&#39;</span> 
     </span>
     <span class='ocr_line' id='line_1_28' title="bbox 354 3223 1641 3332; baseline 0.009 -33"><span class='ocrx_word' id='word_1_222' title='bbox 354 3230 563 3321; x_wconf 82' lang='lat' dir='ltr'><em>suscipiat,</em></span> <span class='ocrx_word' id='word_1_223' title='bbox 580 3243 647 3304; x_wconf 87' lang='lat' dir='ltr'><em>aut</em></span> <span class='ocrx_word' id='word_1_224' title='bbox 664 3244 924 3304; x_wconf 84' lang='lat' dir='ltr'><em>contemnentes</em></span> <span class='ocrx_word' id='word_1_225' title='bbox 941 3226 986 3299; x_wconf 90' lang='lat' dir='ltr'><em>de</em></span> <span class='ocrx_word' id='word_1_226' title='bbox 1003 3224 1177 3300; x_wconf 82' lang='lat' dir='ltr'><em>Ecclesia</em></span> <span class='ocrx_word' id='word_1_227' title='bbox 1194 3223 1318 3329; x_wconf 92' lang='lat' dir='ltr'><em>(non)</em></span> <span class='ocrx_word' id='word_1_228' title='bbox 1334 3232 1509 3332; x_wconf 83' lang='lat' dir='ltr'><em>rejiciat,</em></span> <span class='ocrx_word' id='word_1_229' title='bbox 1522 3235 1641 3310; x_wconf 88' lang='lat' dir='ltr'><em>simili</em></span> 
     </span>
     <span class='ocr_line' id='line_1_29' title="bbox 355 3325 1639 3423; baseline 0.007 -23"><span class='ocrx_word' id='word_1_230' title='bbox 355 3334 554 3404; x_wconf 85' lang='lat' dir='ltr'><em>sententia·</em></span> <span class='ocrx_word' id='word_1_231' title='bbox 560 3332 778 3423; x_wconf 88' lang='lat' dir='ltr'><em>plectatur,</em></span> <span class='ocrx_word' id='word_1_232' title='bbox 800 3351 978 3423; x_wconf 82' lang='lat' dir='ltr'><em>quousque</em></span> <span class='ocrx_word' id='word_1_233' title='bbox 998 3325 1282 3419; x_wconf 78' lang='lat' dir='ltr'><em>eruendationis,</em></span> <span class='ocrx_word' id='word_1_234' title='bbox 1310 3334 1371 3404; x_wconf 87' lang='lat' dir='ltr'><em>uel</em></span> <span class='ocrx_word' id='word_1_235' title='bbox 1391 3328 1639 3409; x_wconf 58' lang='lat' dir='ltr'><em>dominationis</em></span> 
     </span>
     <span class='ocr_line' id='line_1_30' title="bbox 354 3428 1638 3529; baseline 0.005 -27"><span class='ocrx_word' id='word_1_236' title='bbox 354 3450 473 3521; x_wconf 89' lang='lat' dir='ltr'><em>earum</em></span> <span class='ocrx_word' id='word_1_237' title='bbox 490 3432 538 3507; x_wconf 90' lang='lat' dir='ltr'><em>ab</em></span> <span class='ocrx_word' id='word_1_238' title='bbox 561 3454 601 3505; x_wconf 90' lang='lat' dir='ltr'><em>eo</em></span> <span class='ocrx_word' id='word_1_239' title='bbox 617 3434 801 3507; x_wconf 87' lang='lat' dir='ltr'><em>sententia</em></span> <span class='ocrx_word' id='word_1_240' title='bbox 814 3429 1079 3525; x_wconf 87' lang='lat' dir='ltr'><em>promulgetur.</em></span> <span class='ocrx_word' id='word_1_241' title='bbox 1099 3428 1245 3504; x_wconf 89' lang='lat' dir='ltr'><em>Bellum</em></span> <span class='ocrx_word' id='word_1_242' title='bbox 1270 3430 1380 3529; x_wconf 90' lang='lat' dir='ltr'><em>idque</em></span> <span class='ocrx_word' id='word_1_243' title='bbox 1399 3433 1638 3510; x_wconf 88' lang='lat' dir='ltr'><em>teterrimum</em></span> 
     </span>
     <span class='ocr_line' id='line_1_31' title="bbox 355 3520 1638 3631; baseline 0.007 -30"><span class='ocrx_word' id='word_1_244' title='bbox 355 3520 536 3606; x_wconf 80' lang='lat' dir='ltr'><em>indicitslr</em></span> <span class='ocrx_word' id='word_1_245' title='bbox 555 3531 831 3619; x_wconf 80' lang='lat' dir='ltr'><em>confessariis,</em></span> <span class='ocrx_word' id='word_1_246' title='bbox 854 3554 970 3627; x_wconf 90' lang='lat' dir='ltr'><em>quum</em></span> <span class='ocrx_word' id='word_1_247' title='bbox 994 3529 1021 3601; x_wconf 89' lang='lat' dir='ltr'><em>ii</em></span> <span class='ocrx_word' id='word_1_248' title='bbox 1044 3530 1073 3603; x_wconf 69' lang='lat' dir='ltr'><em>d</em></span> <span class='ocrx_word' id='word_1_249' title='bbox 1088 3529 1221 3627; x_wconf 87' lang='lat' dir='ltr'><em>quibus</em></span> <span class='ocrx_word' id='word_1_250' title='bbox 1241 3535 1453 3629; x_wconf 88' lang='lat' dir='ltr'><em>exspectari</em></span> <span class='ocrx_word' id='word_1_251' title='bbox 1482 3550 1638 3631; x_wconf 88' lang='lat' dir='ltr'><em>possunt</em></span> 
     </span>
     <span class='ocr_line' id='line_1_32' title="bbox 351 3629 1642 3733; baseline 0.005 -28"><span class='ocrx_word' id='word_1_252' title='bbox 351 3629 552 3729; x_wconf 84' lang='lat' dir='ltr'><em>obsequia,</em></span> <span class='ocrx_word' id='word_1_253' title='bbox 566 3634 935 3720; x_wconf 84' lang='lat' dir='ltr'><em>commendationes,</em></span> <span class='ocrx_word' id='word_1_254' title='bbox 948 3646 987 3707; x_wconf 90' lang='lat' dir='ltr'><em>et</em></span> <span class='ocrx_word' id='word_1_255' title='bbox 1004 3633 1221 3706; x_wconf 85' lang='lat' dir='ltr'><em>munuscula</em></span> <span class='ocrx_word' id='word_1_256' title='bbox 1240 3636 1367 3711; x_wconf 85' lang='lat' dir='ltr'><em>ruisse</em></span> <span class='ocrx_word' id='word_1_257' title='bbox 1381 3636 1515 3712; x_wconf 88' lang='lat' dir='ltr'><em>sistunt</em></span> <span class='ocrx_word' id='word_1_258' title='bbox 1531 3637 1642 3733; x_wconf 84' lang='lat' dir='ltr'><em>pedi·</em></span> 
     </span>
     <span class='ocr_line' id='line_1_33' title="bbox 354 3730 1640 3833; baseline 0.007 -28"><span class='ocrx_word' id='word_1_259' title='bbox 354 3730 425 3805; x_wconf 91' lang='lat' dir='ltr'><em>bus</em></span> <span class='ocrx_word' id='word_1_260' title='bbox 448 3735 668 3828; x_wconf 79' lang='lat' dir='ltr'><em>provoluti3</em></span> <span class='ocrx_word' id='word_1_261' title='bbox 683 3734 798 3809; x_wconf 88' lang='lat' dir='ltr'><em>totius</em></span> <span class='ocrx_word' id='word_1_262' title='bbox 815 3734 1032 3807; x_wconf 84' lang='lat' dir='ltr'><em>cbristianae</em></span> <span class='ocrx_word' id='word_1_263' title='bbox 1049 3734 1278 3812; x_wconf 82' lang='lat' dir='ltr'><em>fortitudinis</em></span> <span class='ocrx_word' id='word_1_264' title='bbox 1296 3738 1448 3833; x_wconf 86' lang='lat' dir='ltr'><em>spiritus</em></span> <span class='ocrx_word' id='word_1_265' title='bbox 1465 3759 1640 3815; x_wconf 79' lang='lat' dir='ltr'><em>necessa·</em></span> 
     </span>
     <span class='ocr_line' id='line_1_34' title="bbox 353 3834 1639 3933; baseline 0.005 -24"><span class='ocrx_word' id='word_1_266' title='bbox 353 3835 431 3912; x_wconf 89' lang='lat' dir='ltr'><em>rius</em></span> <span class='ocrx_word' id='word_1_267' title='bbox 447 3852 505 3926; x_wconf 81' lang='lat' dir='ltr'><em>est</em></span> <span class='ocrx_word' id='word_1_268' title='bbox 520 3891 542 3926; x_wconf 80' lang='lat'><em>„</em></span> <span class='ocrx_word' id='word_1_269' title='bbox 554 3859 602 3909; x_wconf 88' lang='lat' dir='ltr'><em>ne</em></span> <span class='ocrx_word' id='word_1_270' title='bbox 617 3836 640 3910; x_wconf 77' lang='lat' dir='ltr'><em>d</em></span> <span class='ocrx_word' id='word_1_271' title='bbox 658 3834 922 3933; x_wconf 83' lang='lat' dir='ltr'><em>potentissimo</em></span> <span class='ocrx_word' id='word_1_272' title='bbox 940 3837 1088 3929; x_wconf 83' lang='lat' dir='ltr'><em>praemii</em></span> <span class='ocrx_word' id='word_1_273' title='bbox 1105 3837 1261 3911; x_wconf 90' lang='lat' dir='ltr'><em>inimico</em></span> <span class='ocrx_word' id='word_1_274' title='bbox 1277 3840 1515 3912; x_wconf 86' lang='lat' dir='ltr'><em>evincantur.</em></span> <span class='ocrx_word' id='word_1_275' title='bbox 1533 3840 1639 3930; x_wconf 84' lang='lat' dir='ltr'><em>Quo·</em></span> 
     </span>
     <span class='ocr_line' id='line_1_35' title="bbox 356 3935 1637 4037; baseline 0.005 -26"><span class='ocrx_word' id='word_1_276' title='bbox 356 3938 460 4012; x_wconf 87' lang='lat' dir='ltr'><em>circa</em></span> <span class='ocrx_word' id='word_1_277' title='bbox 476 3938 680 4034; x_wconf 83' lang='lat' dir='ltr'><em>Supremas</em></span> <span class='ocrx_word' id='word_1_278' title='bbox 699 3936 877 4012; x_wconf 81' lang='lat' dir='ltr'><em>Castellae</em></span> <span class='ocrx_word' id='word_1_279' title='bbox 898 3935 1055 4011; x_wconf 63' lang='lat' dir='ltr'><em>&amp;natus</em></span> <span class='ocrx_word' id='word_1_280' title='bbox 1067 3940 1151 4030; x_wconf 90' lang='lat' dir='ltr'><em>jure</em></span> <span class='ocrx_word' id='word_1_281' title='bbox 1170 3941 1307 4016; x_wconf 88' lang='lat' dir='ltr'><em>merito</em></span> <span class='ocrx_word' id='word_1_282' title='bbox 1323 3939 1451 4037; x_wconf 82' lang='lat' dir='ltr'><em>legata</em></span> <span class='ocrx_word' id='word_1_283' title='bbox 1467 3943 1596 4020; x_wconf 89' lang='lat' dir='ltr'><em>omnia</em></span> <span class='ocrx_word' id='word_1_284' title='bbox 1613 3941 1637 4018; x_wconf 75' lang='lat' dir='ltr'><em>d</em></span> 
     </span>
     <span class='ocr_line' id='line_1_36' title="bbox 353 4036 1639 4135; baseline 0.011 -24"><span class='ocrx_word' id='word_1_285' title='bbox 353 4036 832 4135; x_wconf 65' lang='lat' dir='ltr'><em>poenitentibnsextremo</em></span> <span class='ocrx_word' id='word_1_286' title='bbox 850 4038 986 4112; x_wconf 88' lang='lat' dir='ltr'><em>morbo</em></span> <span class='ocrx_word' id='word_1_287' title='bbox 1006 4036 1294 4129; x_wconf 87' lang='lat' dir='ltr'><em>laborantibus,</em></span> <span class='ocrx_word' id='word_1_288' title='bbox 1322 4041 1361 4116; x_wconf 91' lang='lat' dir='ltr'><em>iu</em></span> <span class='ocrx_word' id='word_1_289' title='bbox 1378 4041 1639 4125; x_wconf 68' lang='lat' dir='ltr'><em>Confessum</em></span> 
     </span>
     <span class='ocr_line' id='line_1_37' title="bbox 354 4141 1638 4232; baseline 0.009 -18"><span class='ocrx_word' id='word_1_290' title='bbox 354 4163 467 4232; x_wconf 82' lang='lat' dir='ltr'><em>sum,</em></span> <span class='ocrx_word' id='word_1_291' title='bbox 492 4143 555 4217; x_wconf 86' lang='lat' dir='ltr'><em>vel</em></span> <span class='ocrx_word' id='word_1_292' title='bbox 583 4163 714 4216; x_wconf 89' lang='lat' dir='ltr'><em>eorum</em></span> <span class='ocrx_word' id='word_1_293' title='bbox 731 4141 1017 4230; x_wconf 87' lang='lat' dir='ltr'><em>Ecclesiarum,</em></span> <span class='ocrx_word' id='word_1_294' title='bbox 1045 4156 1110 4215; x_wconf 85' lang='lat' dir='ltr'><em>aut</em></span> <span class='ocrx_word' id='word_1_295' title='bbox 1126 4142 1446 4220; x_wconf 88' lang='lat' dir='ltr'><em>Monasteriorum</em></span> <span class='ocrx_word' id='word_1_296' title='bbox 1466 4146 1638 4225; x_wconf 85' lang='lat' dir='ltr'><em>favorem</em></span> 
     </span>
    </p>
   </div>
   <div class='ocr_carea' id='block_1_2' title="bbox 298 4240 1661 4628">
    <p class='ocr_par' dir='ltr' id='par_1_2' title="bbox 298 4240 1661 4628">
     <span class='ocr_line' id='line_1_38' title="bbox 353 4240 1661 4345; baseline 0.005 -27"><span class='ocrx_word' id='word_1_297' title='bbox 353 4241 479 4329; x_wconf 83' lang='lat' dir='ltr'><em>lacta,</em></span> <span class='ocrx_word' id='word_1_298' title='bbox 510 4243 616 4320; x_wconf 83' lang='lat' dir='ltr'><em>irs-itu</em></span> <span class='ocrx_word' id='word_1_299' title='bbox 637 4244 850 4318; x_wconf 83' lang='lat' dir='ltr'><em>declaravit</em></span> <span class='ocrx_word' id='word_1_300' title='bbox 871 4244 998 4320; x_wconf 84' lang='lat' dir='ltr'><em>Sauct.</em></span> <span class='ocrx_word' id='word_1_301' title='bbox 1015 4244 1072 4316; x_wconf 86' lang='lat' dir='ltr'><em>lll.</em></span> <span class='ocrx_word' id='word_1_302' title='bbox 1084 4242 1162 4324; x_wconf 90' lang='lat' dir='ltr'><em>Tit.</em></span> <span class='ocrx_word' id='word_1_303' title='bbox 1179 4246 1215 4317; x_wconf 89' lang='lat' dir='ltr'>X</span> <span class='ocrx_word' id='word_1_304' title='bbox 1232 4242 1316 4318; x_wconf 80' lang='lat' dir='ltr'><em>Lib.</em></span> <span class='ocrx_word' id='word_1_305' title='bbox 1328 4246 1369 4320; x_wconf 80' lang='lat' dir='ltr'>V</span> <span class='ocrx_word' id='word_1_306' title='bbox 1388 4247 1498 4345; x_wconf 86' lang='lat' dir='ltr'><em>uulgo</em></span> <span class='ocrx_word' id='word_1_307' title='bbox 1515 4248 1635 4324; x_wconf 87' lang='lat' dir='ltr'><em>Autos</em></span> <span class='ocrx_word' id='word_1_308' title='bbox 1659 4240 1661 4244; x_wconf 60' lang='grc'>’</span> 
     </span>
     <span class='ocr_line' id='line_1_39' title="bbox 353 4342 1637 4447; baseline 0.003 -26"><span class='ocrx_word' id='word_1_309' title='bbox 353 4344 590 4420; x_wconf 84' lang='lat' dir='ltr'><em>Acordados.</em></span> <span class='ocrx_word' id='word_1_310' title='bbox 612 4345 734 4443; x_wconf 72' lang='lat' dir='ltr'><em>Quian</em></span> <span class='ocrx_word' id='word_1_311' title='bbox 756 4343 959 4439; x_wconf 85' lang='lat' dir='ltr'><em>profanis,</em></span> <span class='ocrx_word' id='word_1_312' title='bbox 987 4342 1091 4420; x_wconf 86' lang='lat' dir='ltr'><em>euim</em></span> <span class='ocrx_word' id='word_1_313' title='bbox 1105 4350 1304 4441; x_wconf 82' lang='lat' dir='ltr'><em>sacrisque</em></span> <span class='ocrx_word' id='word_1_314' title='bbox 1329 4346 1493 4447; x_wconf 82' lang='lat' dir='ltr'><em>Legibus</em></span> <span class='ocrx_word' id='word_1_315' title='bbox 1516 4352 1637 4440; x_wconf 56' lang='lat' dir='ltr'><em>inter:</em></span> 
     </span>
     <span class='ocr_line' id='line_1_40' title="bbox 298 4444 1641 4628; baseline 0 -107"><span class='ocrx_word' id='word_1_316' title='bbox 298 4560 322 4589; x_wconf 20' lang='grc' dir='ltr'><em>Ι,</em></span> <span class='ocrx_word' id='word_1_317' title='bbox 352 4446 489 4626; x_wconf 54' lang='lat' dir='ltr'><em>diem</em></span> <span class='ocrx_word' id='word_1_318' title='bbox 513 4448 777 4627; x_wconf 52' lang='grc' dir='ltr'><em>ιῗιριιιιίιίἰιιι</em></span> <span class='ocrx_word' id='word_1_319' title='bbox 798 4444 1000 4544; x_wconf 76' lang='lat' dir='ltr'><em>omnibus„</em></span> <span class='ocrx_word' id='word_1_320' title='bbox 1015 4468 1118 4530; x_wconf 78' lang='lat' dir='ltr'><em>nese</em></span> <span class='ocrx_word' id='word_1_321' title='bbox 1132 4446 1345 4623; x_wconf 57' lang='lat' dir='ltr'><em>‚noineribus</em></span> <span class='ocrx_word' id='word_1_322' title='bbox 1365 4447 1641 4628; x_wconf 47' lang='lat' dir='ltr'><em>r&#39;otrumpinplq⁸</em></span> 
     </span>
    </p>
   </div>
   <div class='ocr_carea' id='block_1_3' title="bbox 0 0 2022 5275">
    <p class='ocr_par' dir='ltr' id='par_1_3' title="bbox 0 0 2022 5275">
     <span class='ocr_line' id='line_1_41' title="bbox 0 0 2022 5275; baseline 0 8"><span class='ocrx_word' id='word_1_323' title='bbox 0 0 2022 5275; x_wconf 95' lang='lat' dir='ltr'><em> </em></span> 
     </span>
    </p>
   </div>
  </div>
 </body>
</html>
