4034 5275
716 480 848 559 ¹Liber
877 478 934 558 II.
965 477 1113 556 Titulus
1140 477 1284 563 XVII.
1550 499 1631 580 '173

370 590 475 661 usim
487 581 736 682 quorumlibet
752 586 899 683 cedere:
923 600 961 661 et
979 589 1036 658 sio
1051 598 1207 680 possunt
1234 579 1417 658 etiamad
1434 582 1551 658 laicos
1567 603 1658 680 per·

346 710 519 769 ,venires
1141 749 1144 753 ·
1637 710 1642 725 ’

420 792 502 864 Xll.
529 789 583 866 Ut
605 807 734 867 autem
762 793 844 866 haec
866 776 1111 866 Decimarum
1134 789 1172 862 in
1197 787 1314 863 laicos
1335 789 1532 863 translatio
1554 789 1652 884 legi·

357 890 461 967 time
486 895 580 984 fiat,
608 896 780 992 legitima
806 894 979 990 quaedam
1005 893 1207 991 requiritur
1240 914 1382 980 causa;
1407 892 1553 965 scilicet
1576 883 1653 966 ne-

364 995 542 1085 cessitas,
560 998 622 1071 vel
640 998 783 1071 utilitas
800 995 1006 1084 Ecclesiae,
1025 1017 1233 1093 pauperum
1253 997 1450 1085 levamen,
1468 994 1531 1069 vel
1547 995 1652 1069 aliud

354 1097 654 1190 hujuscemodi:
680 1101 716 1174 S.
738 1101 907 1175 Thomas
924 1099 1020 1174 ibid.
1050 1096 1101 1171 nd
1128 1121 1164 1195 3.
1185 1097 1304 1171 Porro
1327 1098 1401 1171 tria
1434 1097 1522 1171 hinc
1548 1098 1649 1171 mala

362 1200 503 1273 sensim
531 1201 770 1296 profluxere,
800 1225 815 1275 1
844 1201 1040 1296 Principes
1071 1200 1251 1275 Decimas
1279 1199 1353 1273 sibi
1377 1201 1415 1274 in
1441 1198 1650 1274 subsidium

361 1301 411 1374 ad
431 1318 582 1398 ternpus
604 1326 803 1379 concessas
825 1303 862 1377 in
887 1301 1112 1378 beneficium
1136 1299 1299 1391 stabile,
1327 1304 1409 1376 sive
1434 1303 1472 1375 in
1494 1305 1649 1377 feudum

354 1407 559 1498 possidere
580 1407 759 1481 ¹voluisse.
782 1429 804 1479 2
828 1407 1045 1480 Nonnullos
1068 1405 1305 1500 Episcopus,
1329 1423 1365 1479 et
1388 1405 1569 1499 Praelatos
1590 1407 1651 1478 ni-

353 1506 435 1581 mis
462 1507 621 1598 faciles,
643 1532 766 1606 neque
788 1532 835 1582 ex
854 1513 963 1602 juxta
980 1532 1119 1597 cansa,
1140 1508 1311 1581 decimas
1328 1511 1542 1581 concedere
1560 1531 1649 1580 con·

362 1608 540 1684 euenisse.
564 1633 586 1709 3
620 1612 756 1688 Laicos
784 1612 989 1707 aliquando
1018 1612 1187 1685 decimas
1223 1609 1379 1707 propria
1408 1610 1653 1707 auctoritate,

352 1711 426 1787 :vel
446 1713 624 1790 Parochis
647 1711 969 1803 conniventibus,
998 1735 1209 1809 usurpasse.

355 1870 382 1902 ,..
412 1815 514 1890 Xlll.
534 1816 631 1900 Non
648 1818 805 1892 defuere
827 1817 982 1915 quidem
1008 1814 1214 1912 Episcopi,
1239 1831 1353 1913 atque
1374 1815 1491 1890 etiam
1507 1816 1651 1893 Roma·

360 1913 403 1987 ni
426 1917 652 2005 Pontifices,
676 1920 738 2018 qui
760 1920 975 2012 hujusmodi
997 1917 1172 1992 abusioni
1198 1943 1264 2014 pro
1287 1918 1390 1992 virili
1419 1942 1500 1992 sese
1526 1940 1651 2016 opposs

355 2038 519 2094 nerent:
550 2017 630 2121 (l‘l‘)
658 2024 713 2095 uti
734 2023 877 2118 Synod.
901 2023 1049 2095 Palent.
1065 2044 1127 2094 an.
1152 2043 1250 2118 1129
1275 2020 1391 2093 Deos.
1409 2020 1521 2094 XVI
1541 2045 1651 2097 cons·

357 2120 523 2212 tituens,
540 2125 642 2219 qnod
658 2124 750 2196 loiri
768 2127 909 2197 tertias
927 2124 1202 2211 Ecclesiaronr,
1219 2148 1281 2196 seo
1297 2144 1527 2217 quascunque
1543 2124 1649 2197 obla—

357 2226 479 2300 tiones
510 2227 612 2299 nallo
633 2229 823 2302 occasione
842 2226 1088 2322 possideant,
1114 2225 1240 2299 sedin
1267 2224 1505 2320 dispositione
1535 2225 1650 2322 Epis·

357 2343 523 2420 soporum
555 2343 716 2417 cuncta,
748 2352 828 2425 qnae
863 2328 1117 2404 Ecclesinrnm
1140 2328 1316 2422 fuerint,
1345 2325 1577 2421 habeantor;
1608 2345 1648 2406 et
1739 2352 1744 2357 ·

357 2427 393 2502 S.
428 2429 651 2526 Raymund.
683 2433 888 2506 Pennalort
917 2435 955 2503 in
988 2431 1140 2505 Summa
1165 2429 1255 2504 lib.
1291 2429 1318 2504 Ι
1341 2450 1431 2526 pag.
1478 2452 1564 2528 129.
1592 2429 1651 2536 (*)

357 2531 411 2605 At
431 2534 545 2606 nimis
569 2535 729 2607 arduum
752 2551 835 2607 erat
861 2534 1032 2607 decimas
1056 2533 1078 2606 ὲ
1108 2533 1294 2607 laicorum
1320 2531 1494 2607 manibus
1524 2535 1650 2630 eripe·

355 2639 425 2723 re,
450 2638 514 2732 qui
540 2638 578 2709 in
606 2638 757 2711 illarum
781 2635 998 2732 possesione
1023 2634 1088 2708 diu
1114 2634 1284 2709 fuissent.
1305 2634 1427 2709 Satius
1455 2635 1570 2732 igitur
1597 2639 1652 2711 vi·

359 2760 443 2811 sum
469 2756 525 2812 est
547 2762 627 2813 rem
653 2740 771 2813 veluti
804 2739 1040 2836 transigere3
1068 2737 1106 2810 id
1135 2739 1237 2836 quod
1265 2738 1304 2810 in
1330 2735 1507 2812 Concilio
1536 2738 1652 2815 Late·

358 2862 441 2914 ran.
455 2843 519 2915 'lll
537 2842 607 2915 snb
630 2842 851 2918 Alexandro
872 2844 923 2915 lll
945 2842 1112 2936 primunr
1131 2841 1290 2938 adgredi
1306 2855 1535 2935 coeperunt,
1561 2844 1652 2917 dein
1699 2845 1713 2868 ⁸

360 2941 430 3017 sub
454 2946 678 3017 Innocentio
701 2947 783 3032 Ill,
813 2945 969 3041 aliisque
1001 2944 1167 3040 sequutis
1199 2944 1385 3017 Romanis
1407 2942 1652 3020 Pontificibus

351 3044 574 3119 identidem
605 3048 823 3144 prosequuti
848 3048 1028 3150 sunt..Ac
1059 3069 1074 3119 r
1100 3048 1287 3121 sancitum
1305 3062 1390 3137 est,
1417 3064 1458 3120 ut
1474 3046 1653 3123 laici'de·

363 3149 483 3221 cimas
503 3148 540 3221 in
560 3149 654 3224 alios
671 3149 787 3224 laicos
805 3151 1012 3225 transferre
1030 3171 1106 3223 non
1125 3147 1297 3246 possent:
1318 3146 1439 3227 Cone.
1454 3151 1584 3226 Later.
1598 3155 1652 3227 lll

336 3287 338 3292 ·
363 3247 457 3344 Cap.
492 3274 537 3346 19
562 3251 606 3326 de
632 3251 811 3327 Desinis.

415 3374 438 3423 u
466 3352 521 3426 Ur
537 3354 602 3450 qui
619 3354 788 3427 decimas
812 3352 1054 3427 hereditario
1070 3349 1158 3444 'jure
1179 3355 1381 3441 te‘riereut,
1407 3367 1561 3449 possent
1588 3377 1652 3432 eas

362 3454 424 3534 cui
455 3454 645 3563 voluerint
670 3458 809 3531 idoneo
838 3453 995 3529 Clerico
1026 3455 1145 3542 dare,
1174 3476 1222 3529 eo
1246 3456 1401 3553 quidem
1433 3472 1577 3549 pacto,
1607 3476 1650 3535 ut

363 3571 496 3654 postea
522 3559 571 3631 ad
601 3536 841 3647 Ecclesiam,
865 3560 926 3633 cui
951 3561 999 3631 de
1020 3561 1103 3652 jure
1129 3575 1380 3653 competunt,
1410 3576 1651 3636 reverteren-
1736 3621 1738 3626 ,

363 3676 450 3733 tur:
478 3659 531 3731 ita
553 3660 645 3755 Syn.
667 3658 887 3734 Abricensis
910 3684 972 3735 an.
1003 3657 1391 3764 1172=Can.sx.(**)
1416 3660 1561 3737 Verum
1580 3665 1647 3739 lai·

363 3761 399 3835 ci
431 3760 601 3833 decimas
631 3760 883 3856 Regularibus
918 3763 1042 3856 potins
1072 3765 1245 3852 donare,
1267 3785 1389 3862 vquam
1421 3763 1653 3840 Ecclesiisd

363 3860 498 3961 quibus
521 3884 586 3936 eas
610 3860 871 3951 abstulerant,
903 3865 1062 3939 reddere
1091 3866 1316 3939 maluerunt.
1339 3868 1451 3939 Hanc
1476 3866 1650 3970 iniquam

362 3966 831 4041 laicorumrestitutionem
847 3965 1047 4040 damnavit
1062 3968 1303 4043 lnnocentius
1318 3969 1419 4042 lllin
1436 3966 1547 4047 Cone
1579 3974 1654 4049 La·
1748 3967 1750 3972 ’

364 4086 488 4144 tesan.
505 4068 556 4143 lV
574 4070 668 4163 Cap.
687 4091 731 4166 31
753 4068 798 4142 de
816 4066 1106 4158 Praebendis,-in
1121 4092 1279 4169 eamque
1296 4072 1435 4146 acriter
1450 4074 1539 4149 inve
1554 4075 1658 4154 hitur

367 4173 427 4270 Jo.
449 4169 661 4266 Episcopus
677 4166 963 4244 sarisberiensis
987 4169 1082 4265 Cap.
1105 4171 1151 4246 V
1150 4174 1198 4247 II
1212 4172 1255 4247 do
1282 4176 1413 4271 Nogir
1437 4175 1582 4253 con-rat.
1599 4177 1655 4281 (*)

418 4295 440 4370 3
468 4273 521 4346 Ut
549 4274 639 4347 laici
669 4273 824 4347 servitia
845 4272 1069 4363 'Ecclesiis-,
1099 4298 1258 4372 quarum
1286 4277 1454 4364 decimas
1483 4279 1653 4361 infeuda-

332 4479 336 4486 .
367 4388 426 4552 tEas
441 4375 656 4498 ponerent,
678 4393 859 4475 prestare
876 4369 1121 4453 tenerentur:
1147 4380 1390 4487 Innocentius
1405 4380 1459 4455 Ill
1483 4381 1574 4459 Lib.
1591 4382 1661 4461 IV

367 4535 369 4539 .
405 4496 505 4575 poss.
534 4502 573 4581 9.
999 4518 1002 4524 ·

1164 4582 1235 4663 Yo
1516 4561 1737 4671 ''Ut,
