4034 5275
383 460 448 538 att
735 468 1018 547 Institutionum
1048 469 1313 548 Cononlcurum

364 564 522 655 ,liciatur
536 622 549 660 ,
565 567 589 645 d
604 593 680 671 quo
695 573 907 649 dioecesani
923 574 1292 673 Archipresbyteri,
1309 572 1553 658 velPasochi
1564 572 1670 655 illud

360 668 531 769 -singulis
549 676 663 750 annis
685 678 901 773 accipiant:
932 677 1087 753 Concil.
1106 676 1292 773 Carthag.
1314 676 1367 751 lV
1395 676 1488 751 Con.
1513 698 1669 757 sturt-

364 771 459 863 .Qua
478 777 526 849 de
554 800 600 851 re
618 778 710 874 Syn.
727 778 854 857 Tolet.
877 781 894 853 1
912 802 977 857 an.
999 802 1075 875 400
1094 779 1189 855 Can.
1212 800 1279 853 11
1297 778 1496 853 decernit:
1521 779 1670 877 Quam·

364 882 435 961 ,uis
454 895 559 971 paene
588 880 717 978 ubique
745 884 1009 973 custodiatur,
1043 902 1084 959 ut
1111 881 1247 978 absque
1276 882 1461 977 Episcopo
1491 872 1669 959 Chrism'n

362 999 468 1051 memo
490 980 687 1076 conficiat:
710 1003 828 1063 tumen
851 989 937 1081 quia
959 990 998 1060 in
1022 985 1209 1084 aliquibus
1227 986 1349 1073 locis,
1369 988 1432 1060 uel
1447 983 1667 1062 Provinciis

362 1054 593 1178 Presbyteri
623 1086 797 1165 dicuntur
834 1087 1011 1166 Chrismo
1037 1086 1236 1181 conficere,
1260 1086 1406 1182 placuit
1434 1109 1482 1161 est
1506 1085 1579 1160 hac
1607 1088 1669 1165 die

365 1184 504 1259 nullum
522 1188 662 1278 ulium,
685 1193 761 1263 nisi
780 1192 1026 1286 Episcopum,
1045 1190 1220 1283 chrisma
1229 1189 1390 1285 facere,
1409 1207 1449 1265 et
1464 1206 1533 1283 per
1555 1188 1666 1267 Dioe.

366 1289 481 1359 resim
506 1289 705 1370 destinare.
730 1289 786 1395 (*)
814 1295 920 1367 ldem
955 1293 1075 1369 tradit
1101 1294 1194 1389 Syn.
1225 1293 1380 1367 Bracar.
1411 1295 1427 1365 l
1453 1289 1553 1387 Cap.
1580 1293 1667 1371 xlx

366 1388 470 1464 alias
485 1390 584 1467 Can.
600 1416 738 1469 xxxvi:
759 1394 852 1472 Item
868 1396 1042 1492 placuit,
1062 1410 1105 1469 ut
1121 1397 1158 1469 si
1175 1397 1258 1491 quls
1276 1392 1481 1486 Presbyter
1492 1411 1583 1488 post
1599 1395 1668 1475 boc
1698 1468 1702 1473 .

366 1491 608 1569 interdictum
630 1521 742 1573 ausus
765 1499 891 1593 fuerit
914 1501 1090 1576 Chrisma
1119 1497 1381 1574 benedicere...
1402 1495 1429 1568 d
1452 1519 1516 1569 suo
1537 1494 1667 1591 officio

359 1591 596 1687 ¹sleponatur,
623 1623 704 1673 num
726 1618 763 1677 et
785 1605 929 1699 antiqui
953 1602 1021 1676 hoc
1044 1599 1210 1678 Cnnoues
1232 1614 1440 1675 uetuerunt.
1462 1592 1521 1698 (*)
1543 1597 1667 1677 Porro

350 1697 497 1789 .·.praxis
514 1703 682 1777 chrisma
697 1704 927 1778 conficiendi
941 1704 979 1777 in
995 1702 1285 1780 CoenaDornini
1301 1699 1453 1774 nonnisi
1464 1700 1608 1775 seculo
1621 1724 1665 1778 vt

365 1795 526 1881 inducta
551 1804 725 1880 videtur:
757 1807 873 1903 ipsius
894 1807 997 1880 enim
1026 1807 1150 1902 prima
1169 1804 1339 1881 occurrit
1361 1801 1506 1897 mentio
1532 1801 1573 1876 iu
1597 1802 1666 1881 Sa·

366 1907 623 1983 eramentario
643 1907 682 1985 S.
702 1906 910 2009 Gregorii,
933 1911 1037 2009 quod
1057 1931 1126 2006 per
1143 1909 1240 1985 illud
1262 1905 1448 2004 temporis
1464 1906 1666 2007 conscrip-

353 2015 451 2090 inm
478 2024 549 2089 est.
1080 2070 1083 2075 -
1574 2032 1586 2051 '·

651 2174 1312 2313 ',r1r0tusru1

672 2418 759 2498 ·De
788 2420 1034 2525 Sacrumesitc
1061 2416 1333 2531 Eucharistiae.

297 2721 299 2725 ’
368 2727 421 2803 ;Ι.
447 2671 762 2809 Sacramentum
779 2731 983 2828 Corporis,
999 2746 1039 2806 et
1053 2730 1254 2831 Sanguinis
1270 2726 1508 2813 ChristidS.
1525 2727 1662 2825 Panlo,
1708 2811 1711 2816 ,

365 2842 405 2908 et
421 2824 470 2904 ab
482 2834 652 2932 antiquis
669 2833 842 2910 Patribus
857 2836 1062 2933 aliquando
1079 2835 1225 2908 dictum
1239 2830 1352 2908 Coena
1366 2830 1541 2923 Domini,
1554 2834 1661 2911 Com«

365 2934 510 3023 munio,
528 2963 530 2968 ·
547 2938 738 3034 Eulogia,
767 2936 809 3008 V
812 2941 965 3016 iaticum
996 2936 1071 3012 &c
1102 2951 1142 3011 ut
1171 2937 1378 3031 plurimum
1402 2934 1660 3012 Eucharistiu

363 3034 554 3131 adpellari
574 3039 798 3115 consuevit:
825 3042 926 3136 quod
952 3042 991 3113 in
1018 3043 1096 3133 ejus
1118 3061 1187 3113 usu
1212 3038 1297 3113 Deo
1322 3037 1456 3133 gratiae
1478 3055 1659 3133 agnatum

363 3138 532 3235 Justinus
544 3139 662 3236 Apol.
677 3163 717 3232 ας
735 3142 774 3216 id
787 3144 893 3241 quod
902 3157 941 3217 et
957 3144 1039 3238 ipse
1054 3140 1230 3216 Christus
1243 3140 1417 3237 praestitit
1433 3138 1471 3212 in
1486 3142 1569 3233 ejtts
1582 3141 1660 3217 ins-

361 3242 551 3318 titutione.
582 3246 745 3319 Nonnisi
775 3245 801 3318 d
824 3241 1117 3334 Sacerdotibus,
1145 3245 1239 3318 dnm
1261 3242 1390 3316 Missae
1415 3243 1658 3323 sacrificinm

360 3362 573 3445 peragunt,
599 3349 858 3446 consecranda
876 3365 959 3423 ests
981 3365 1095 3445 atque
1117 3347 1214 3423 adeo
1235 3347 1399 3441 ipsamet
1423 3365 1503 3420 uon
1520 3347 1657 3424 Sacra·

359 3452 621 3524 menti'modo
641 3452 832 3525 rationem
852 3450 994 3538 habet,
1023 3471 1159 3526 verum
1186 3464 1226 3525 et
1252 3448 1424 3524 divinum
1455 3469 1567 3523 novae
1591 3449 1669 3526 le·'

359 3551 418 3648 gis
439 3552 672 3632 Sacrificium
695 3554 921 3642 constituit,
945 3554 1052 3645 ‚cujus
1085 3552 1252 3626 ministri
1285 3551 1358 3626 soli
1380 3546 1525 3646 Presby
1589 3551 1602 3624 i
1626 3553 1654 3628 a

357 3653 514 3740 Christo
532 3655 701 3729 Domino
718 3656 881 3730 instituti
897 3671 996 3729 snat.
1015 3652 1177 3729 Diaconi
1190 3651 1456 3729 tantummodo
1470 3672 1518 3725 ex
1533 3651 1656 3750 Epis„

356 3760 446 3855 copi
461 3812 484 3848 ,.
498 3758 560 3831 vel
581 3755 803 3853 Presbyteri
819 3758 1063 3855 delegatione
1081 3758 1188 3832 illam
1212 3754 1505 3833 administrandi
1525 3747 1656 3851 poten-

354 3865 475 3938 tareni
499 3859 670 3951 habeon
693 3883 769 3958 quo
795 3881 952 3937 munere
973 3860 1178 3959 antiquitus
1196 3881 1309 3958 quam
1331 3859 1540 3952 saepissime
1564 3857 1653 3936 fna-

354 3963 554 4061 gebantur:
575 3962 859 4038 Eucharistiam
878 3962 982 4037 enim
1006 3963 1060 4037 ab
1074 3962 1268 4059 Episcopo
1289 3974 1491 4056 acceptam
1509 3959 1561 4034 ad
1581 3960 1653 4038 ab.

353 4071 481 4141 sentes
506 4061 667 4141 D'iaconi
685 4063 934 4142 deserebant:
963 4066 1132 4163 Justious
1152 4066 1211 4139 M.
1233 4061 1326 4138 ibid.
1350 4064 1449 4140 Tum
1471 4063 1590 4137 etiarn
1608 4065 1650 4141 in

351 4165 585 4265 quibusdam
599 4168 783 4243 Ecclesiis
798 4168 902 4244 illam
918 4170 957 4243 in
973 4169 1092 4243 Missa
1104 4167 1282 4242 sollemni
1299 4167 1404 4250 fideli
1415 4166 1558 4261 populo
1571 4167 1652 4242 dis-

351 4270 585 4349 tribuebant.
617 4272 771 4346 Verum·
790 4273 980 4369 praecip'ue
1011 4270 1193 4345 Di'acnnis
1221 4269 1419 4346 Dominici
1440 4267 1649 4366 sanguinis

351 4370 586 4470 dispensatio
602 4375 834 4450 concredita:
848 4391 957 4464 erat;
979 4367 1064 4475 (³¹⁰⁸)
1085 4372 1183 4447 ntia
1200 4371 1306 4446 Sixto
1324 4371 1641 4446 P.lc01umen·da·

349 4495 443 4557 tarsu
455 4477 573 4554 inisse.
596 4491 728 4557 mado
741 4478 929 4575 :limitati¹
946 4475 1273 4574 invictissimoque
1294 4472 1442 4569 elisisti
1463 4473 1640 4652 Mai-tyri

752 4599 758 4632 ·‘
1564 4597 1639 4656 au·
