4034 5275
705 553 708 561 .
760 482 876 561 Liber
904 481 961 560 II.
990 479 1138 558 Titulus
1169 481 1213 562 V
1213 483 1264 559 1.-
1577 480 1630 580 69
1754 536 1757 541 »

364 580 651 675 Confessionis,
679 582 761 660 sive
785 588 823 660 in
841 586 918 660 alio
941 587 1029 660 loco
1047 589 1096 660 ad
1119 587 1158 660 id
1174 585 1364 660 destinato
1387 606 1474 659 cnm
1493 583 1651 660 simula·

363 684 467 758 tione
489 687 764 779 confessionis,
788 690 837 763 ad
857 689 1060 763 inhonesta
1078 688 1295 779 solicitam,
1317 703 1382 761 aut
1404 682 1557 777 verbis,
1582 701 1647 763 aut

361 785 508 884 signis,
533 807 597 864 aut
621 787 801 878 nutibus,
823 809 888 866 aut
900 807 1036 880 tactu,
1061 805 1125 864 aut
1143 808 1210 888 per
1228 791 1441 885 scripturn,
1464 789 1527 863 vel
1543 805 1646 882 tuuc,

361 890 436 963 vel·
444 907 577 987 postea
594 892 798 989 legendum
817 895 1077 980 tentaverint,
1100 893 1163 968 vel
1186 891 1364 981 illicitos,
1387 907 1452 968 ant
1471 890 1647 967 inhones-

333 1040 336 1046 ·
361 1001 423 1071 tos
453 1013 688 1084 sermones,
705 1010 978 1079 auttractatns
1001 994 1216 1070 habuerint.
1237 993 1300 1069 Ab
1324 997 1398 1068 hoc
1420 1010 1548 1068 autem
1575 995 1646 1069 de·

359 1095 563 1169 nuntiandi
589 1113 706 1171 on'ere
729 1113 806 1171 non
832 1099 1011 1173 eximitur
1041 1097 1277 1185 solicitatus,
1309 1098 1486 1183 etiamsi,
1514 1096 1646 1170 solici-

359 1207 448 1268 taus
469 1198 651 1271 Sacerdos
675 1199 776 1289 erit,
805 1201 867 1296 qui
887 1199 1151 1293 jnrisdictione
1167 1199 1216 1273 ad
1245 1197 1522 1273 absolutionem
1548 1198 1647 1272 vali·
1727 1221 1731 1228 ’

358 1297 411 1370 de
432 1297 727 1394 impertiendam
744 1318 902 1392 careat,
918 1320 982 1377 ant
1002 1301 1209 1376 solicitatio
1230 1302 1328 1376 inter
1345 1299 1645 1391 Confessarium,

359 1413 403 1474 et
436 1402 692 1494 poenitentem
720 1419 848 1478 mutua
887 1403 1030 1494 inerit,
1063 1404 1143 1478 sive
1173 1403 1420 1478 solicitationi
1452 1402 1645 1496 poenitens

302 1575 304 1581 ,
353 1504 623 1593 consenserit,
648 1521 713 1580 aut
737 1528 840 1595 non,
865 1506 936 1580 vel
955 1507 1114 1603 longum
1131 1521 1280 1601 tempus
1309 1521 1394 1600 post
1417 1503 1539 1598 ipsam
1557 1505 1645 1578 soii·

357 1601 584 1680 citationem
601 1608 683 1700 jam
707 1607 921 1696 effluxerit,
951 1624 1018 1682 aut
1046 1606 1251 1682 solicitatio
1280 1629 1358 1681 non
1381 1629 1452 1702 pro
1479 1627 1520 1679 se
1546 1605 1652 1702 ipso,

355 1707 427 1777 'sed
450 1729 520 1800 pro
537 1708 612 1782 alia
636 1732 797 1803 persona
825 1713 981 1805 peracta
1003 1708 1127 1785 fuerit.
1151 1705 1189 1810 (*
1191 1707 1207 1810 )
1274 1755 1276 1758 -

410 1804 492 1909 (**)
517 1809 640 1884 XVH.
663 1809 718 1892 Ut
744 1832 874 1887 omem
898 1813 1054 1887 demum
1079 1810 1324 1906 turpitudinis
1344 1809 1588 1887 occasionem
1620 1810 1644 1886 d

351 1905 461 1989 Sacri
478 1893 697 1987 Tribunalis
714 1914 918 1991 sanctitate
935 1930 1127 1989 averteret
1146 1913 1248 1988 idem
1267 1913 1442 1988 Summus
1457 1912 1644 2005 Pontifex,

349 2008 394 2082 in
410 2013 546 2087 eadem
561 2011 842 2093 Constitutione
855 2016 1194 2109 omnibusprorsus
1209 2014 1473 2103 Confessariis,
1488 2037 1645 2090 omnem

351 2109 516 2194 omuino
538 2114 762 2189 facultatem
783 2115 1001 2211 excipiendi
1029 2114 1319 2194 Confessionem
1340 2137 1510 2210 personae
1533 2137 1644 2189 com·

352 2214 510 2311 plicis
498 2237 536 2289 ιιι
573 2229 736 2310 peccato
767 2219 871 2310 turpi
903 2216 1089 2304 abstulit,
1127 2229 1264 2311 praeter
1299 2239 1431 2291 casum
1462 2233 1645 2292 extremae

351 2317 619 2518 lle-offiium,
654 2333 711 2393 et
729 2319 930 2454 deficiente
962 2335 1065 2395 tunc
1084 2341 1306 2417 quocunque
1339 2319 1416 2395 alio
1457 2319 1645 2395 Sacerdo-

356 2431 398 2495 te
449 2420 472 2469 *

406 2517 659 2622 (**)xv111.
671 2524 734 2597 Ad
755 2523 914 2598 vitanda
938 2524 1022 2597 haec
1050 2485 1276 2598 abusionum
1302 2537 1503 2611 monstra,
1533 2524 1644 2618 pl'ti'ra

354 2623 653 2719 prudentissimo
675 2646 766 2706 sane
789 2624 975 2714 consilio,
1003 2646 1125 2721 nuper
1147 2625 1351 2698 constituta
1375 2642 1462 2699 sunt
1482 2625 1531 2698 de
1547 2650 1647 2699 con

352 2724 561 2802 sessionum
574 2728 902 2827 excipiendarum
934 2729 1063 2800 modo.
1099 2726 1371 2823 Superpellicei
1406 2749 1530 2801 usum
1545 2752 1643 2822 prae·

354 2826 529 2905 scribunt
563 2817 668 2925 praef.
696 2832 788 2927 Syn.
820 2832 946 2904 Tolet.
979 2852 1044 2903 an.
1081 2832 1177 2922 1582
1212 2828 1308 2901 Act.
1344 2825 1418 2905 HI
1444 2827 1559 2903 Derr.
1593 2852 1643 2927 3⁰

349 2932 544 3028 ιιΙίιιι3ι,
570 2948 610 3006 et
634 2932 785 3008 valent.
809 2931 919 3006 Sess.
941 2928 990 3008 ΙΙ
1010 2912 1090 3004 Tit.
1117 2928 1167 3005 Il·
1185 2949 1267 3024 cap
1288 2949 1362 3029 ιγ,
1387 2931 1478 3028 quin
1501 2948 1539 3006 et
1560 2934 1643 3009 haec

355 3037 509 3109 eadem
508 3033 607 3129 Syn.
635 3028 745 3115 ibid.
759 3031 1063 3109 confessionalia
1089 3033 1227 3106 confici
1251 3033 1485 3108 decrevitur
1512 3032 1667 3127 ιιιιὶόιιιΔ

357 3151 478 3231 opto,
507 3151 546 3211 et
576 3142 731 3229 patenti
765 3138 842 3213 loco
876 3133 1122 3227 confessiones
1150 3137 1382 3230 potissimum
1406 3133 1649 3232 feminarum

360 3240 487 3312 audiri
513 3246 682 3333 possint.
715 3239 933 3333 Alphousus
964 3239 1122 3331 Sapiens
1160 3241 1252 3331 Leg.
1286 3233 1435 3308 XXVI
1464 3235 1544 3309 Tit.
1579 3228 1651 3313 IV

360 3339 476 3414 Part.
508 3339 535 3410 I
563 3341 740 3414 mulieres
773 3340 1011 3413 confessuros
1044 3360 1120 3410 non
1152 3362 1173 3409 e
1206 3337 1393 3432 regione,
1427 3339 1493 3408 sed
1524 3360 1645 3433 prope

362 3439 645 3515 confessarium
675 3443 808 3515 adesse
829 3441 963 3514 voluit.
985 3440 1080 3513 Mox
1107 3438 1209 3512 laud.
1239 3436 1382 3533 Synod.
1407 3438 1545 3512 Toiet,
1563 3438 1645 3513 De-

350 3558 463 3620 .cret.·
492 3529 541 3643 2³7
581 3543 675 3617 alias
716 3544 765 3619 28
804 3542 1106 3619 Co'nfessionalia
1143 3541 1195 3613 ita
1233 3540 1371 3614 confici
1404 3544 1535 3615 statuit
1553 3565 1565 3614 ι
1583 3556 1648 3618 --ur

360 3652 462 3719 iuter
487 3645 766 3736 Confessorem,
788 3661 831 3722 es
847 3648 1036 3722 mulierem
1057 3647 1291 3738 poenitentem
1316 3643 1527 3717 honestatis
1555 3665 1646 3719 carr-

359 3769 405 3821 so
414 3745 551 3837 ferrea
567 3745 704 3818 lamina
720 3781 731 3833 ,
754 3760 821 3818 aut
837 3743 981 3818 rabello
998 3747 1150 3819 minutis
1158 3743 1410 3837 fhraminr'bos
1423 3762 1576 3837 pertusa
1590 3748 1646 3818 r'o·
1760 3767 1763 3773 ’

360 3857 590 3943 terpooorur.
614 3848 839 3937 Postremo,
867 3860 910 3919 ut
932 3846 1056 3920 omnis
1084 3868 1206 3941 prava
1229 3846 1463 3920 consuetudo
1495 3846 1648 3939 penitus·

360 3953 603 4036 eradicetur,
629 3964 669 4024 et
690 3948 957 4023 Confessiones
979 3964 1058 4021 tam
1076 3948 1271 4034 virorum,
1296 3967 1411 4043 quam
1431 3943 1645 4039 mulierum,

346 4045 435 4149 'qua
464 4075 533 4147 par
562 4067 619 4125 est
643 4052 857 4126 reverentia
881 4050 1147 4144 excipiantur3
1173 4064 1297 4124 exstat
1323 4048 1359 4123 S.
1391 4049 1660 4170 Inquisitionis

361 4155 611 4231 novissimum
632 4151 830 4226 Decretum
859 4176 903 4226 rs
927 4149 1436 4249 Nouemb.orr.1781,qno
1462 4153 1642 4249 gratissi·

360 4255 436 4330 nris
452 4255 667 4341 constitutis
685 4255 809 4349 poenis
824 4253 1087 4329 conciliorum
1109 4254 1184 4329 hac
1202 4254 1251 4329 de
1266 4273 1308 4327 re
1326 4268 1466 4329 statuta
1483 4254 1533 4330 ad
1549 4278 1641 4351 pra·

362 4358 444 4433 aim
470 4357 604 4482 reduci
624 4355 821 4450 jubentur.
842 4351 931 4456 (*)

1167 4565 1233 4639 lo
1574 4531 1649 4642 '1¹1-¹
