<?xml version="1.0" encoding="UTF-8"?>
<!DOCTYPE html PUBLIC "-//W3C//DTD XHTML 1.0 Transitional//EN"
    "http://www.w3.org/TR/xhtml1/DTD/xhtml1-transitional.dtd">
<html xmlns="http://www.w3.org/1999/xhtml" xml:lang="en" lang="en">
 <head>
  <title>
</title>
<meta http-equiv="Content-Type" content="text/html;charset=utf-8" />
  <meta name='ocr-system' content='tesseract 3.04.00' />
  <meta name='ocr-capabilities' content='ocr_page ocr_carea ocr_par ocr_line ocrx_word'/>
</head>
<body>
  <div class='ocr_page' id='page_1' title='image "./institutionumca00selvgoog_0039.png"; bbox 0 0 4034 5275; ppageno 0'>
   <div class='ocr_carea' id='block_1_1' title="bbox 267 469 1723 4365">
    <p class='ocr_par' dir='ltr' id='par_1_1' title="bbox 267 469 1723 4365">
     <span class='ocr_line' id='line_1_1' title="bbox 721 469 1598 568; baseline -0.008 -16"><span class='ocrx_word' id='word_1_1' title='bbox 721 469 841 553; x_wconf 74' lang='lat' dir='ltr'>liber</span> <span class='ocrx_word' id='word_1_2' title='bbox 872 471 931 549; x_wconf 87' lang='lat'>11.</span> <span class='ocrx_word' id='word_1_3' title='bbox 959 470 1110 551; x_wconf 79' lang='lat' dir='ltr'><em>Titulus</em></span> <span class='ocrx_word' id='word_1_4' title='bbox 1135 471 1230 550; x_wconf 77' lang='lat'>111.</span> <span class='ocrx_word' id='word_1_5' title='bbox 1547 484 1598 568; x_wconf 65' lang='grc' dir='ltr'>ογ</span> 
     </span>
     <span class='ocr_line' id='line_1_2' title="bbox 322 571 1618 676; baseline -0.005 -22"><span class='ocrx_word' id='word_1_6' title='bbox 322 578 498 674; x_wconf 82' lang='lat' dir='ltr'>&#39;pondere</span> <span class='ocrx_word' id='word_1_7' title='bbox 521 576 601 654; x_wconf 87' lang='lat' dir='ltr'>iere</span> <span class='ocrx_word' id='word_1_8' title='bbox 629 579 869 676; x_wconf 83' lang='lat' dir='ltr'>nonaginta;</span> <span class='ocrx_word' id='word_1_9' title='bbox 898 600 980 676; x_wconf 83' lang='lat' dir='ltr'>quae</span> <span class='ocrx_word' id='word_1_10' title='bbox 1005 599 1084 651; x_wconf 90' lang='lat' dir='ltr'>non</span> <span class='ocrx_word' id='word_1_11' title='bbox 1103 577 1259 652; x_wconf 89' lang='lat' dir='ltr'>modico</span> <span class='ocrx_word' id='word_1_12' title='bbox 1279 574 1373 652; x_wconf 88' lang='lat' dir='ltr'>vino</span> <span class='ocrx_word' id='word_1_13' title='bbox 1392 571 1618 662; x_wconf 85' lang='lat' dir='ltr'>commixta,</span> 
     </span>
     <span class='ocr_line' id='line_1_3' title="bbox 316 674 1621 779; baseline -0.007 -22"><span class='ocrx_word' id='word_1_14' title='bbox 316 696 368 777; x_wconf 59' lang='grc' dir='ltr'>,ει</span> <span class='ocrx_word' id='word_1_15' title='bbox 393 682 482 779; x_wconf 85' lang='lat' dir='ltr'>igne</span> <span class='ocrx_word' id='word_1_16' title='bbox 513 683 579 756; x_wconf 91' lang='lat' dir='ltr'>diu</span> <span class='ocrx_word' id='word_1_17' title='bbox 605 696 793 756; x_wconf 90' lang='lat' dir='ltr'>concocta</span> <span class='ocrx_word' id='word_1_18' title='bbox 818 695 1055 776; x_wconf 84' lang='lat' dir='ltr'>unguentum</span> <span class='ocrx_word' id='word_1_19' title='bbox 1083 695 1322 776; x_wconf 89' lang='lat' dir='ltr'>componunt</span> <span class='ocrx_word' id='word_1_20' title='bbox 1348 674 1400 753; x_wconf 86' lang='lat' dir='ltr'>ab</span> <span class='ocrx_word' id='word_1_21' title='bbox 1423 676 1511 752; x_wconf 91' lang='lat' dir='ltr'>oleo</span> <span class='ocrx_word' id='word_1_22' title='bbox 1536 696 1621 773; x_wconf 85' lang='lat' dir='ltr'>spe·</span> 
     </span>
     <span class='ocr_line' id='line_1_4' title="bbox 320 778 1618 882; baseline -0.001 -27"><span class='ocrx_word' id='word_1_23' title='bbox 320 782 382 857; x_wconf 90' lang='lat' dir='ltr'>cie</span> <span class='ocrx_word' id='word_1_24' title='bbox 407 785 629 876; x_wconf 66' lang='lat' dir='ltr'>diversum,</span> <span class='ocrx_word' id='word_1_25' title='bbox 651 798 690 858; x_wconf 89' lang='lat' dir='ltr'>et</span> <span class='ocrx_word' id='word_1_26' title='bbox 714 783 869 882; x_wconf 89' lang='lat' dir='ltr'>quidem</span> <span class='ocrx_word' id='word_1_27' title='bbox 896 805 912 854; x_wconf 91' lang='lat' dir='ltr'>r</span> <span class='ocrx_word' id='word_1_28' title='bbox 946 783 1137 872; x_wconf 88' lang='lat' dir='ltr'>entitate,</span> <span class='ocrx_word' id='word_1_29' title='bbox 1168 804 1190 857; x_wconf 86' lang='lat'><em>2</em></span> <span class='ocrx_word' id='word_1_30' title='bbox 1222 782 1389 871; x_wconf 87' lang='lat' dir='ltr'>virtute,</span> <span class='ocrx_word' id='word_1_31' title='bbox 1414 802 1437 878; x_wconf 84' lang='lat'><strong>3</strong></span> <span class='ocrx_word' id='word_1_32' title='bbox 1462 778 1618 855; x_wconf 83' lang='lat' dir='ltr'>effectu.</span> 
     </span>
     <span class='ocr_line' id='line_1_5' title="bbox 320 880 1617 983; baseline 0.001 -26"><span class='ocrx_word' id='word_1_33' title='bbox 320 880 530 963; x_wconf 85' lang='lat' dir='ltr'>Entitate:</span> <span class='ocrx_word' id='word_1_34' title='bbox 561 888 650 962; x_wconf 89' lang='lat' dir='ltr'>olea</span> <span class='ocrx_word' id='word_1_35' title='bbox 670 887 800 975; x_wconf 87' lang='lat' dir='ltr'>enim,</span> <span class='ocrx_word' id='word_1_36' title='bbox 833 885 1046 981; x_wconf 86' lang='lat' dir='ltr'>praesertim</span> <span class='ocrx_word' id='word_1_37' title='bbox 1070 898 1287 961; x_wconf 89' lang='lat' dir='ltr'>aromatum</span> <span class='ocrx_word' id='word_1_38' title='bbox 1309 885 1399 983; x_wconf 85' lang='lat' dir='ltr'>igne</span> <span class='ocrx_word' id='word_1_39' title='bbox 1423 897 1617 972; x_wconf 85' lang='lat' dir='ltr'>concreta,</span> 
     </span>
     <span class='ocr_line' id='line_1_6' title="bbox 320 985 1620 1082; baseline 0.001 -24"><span class='ocrx_word' id='word_1_40' title='bbox 320 1007 402 1061; x_wconf 87' lang='lat' dir='ltr'>non</span> <span class='ocrx_word' id='word_1_41' title='bbox 420 986 662 1064; x_wconf 82' lang='lat' dir='ltr'>sensibilibus</span> <span class='ocrx_word' id='word_1_42' title='bbox 679 989 796 1064; x_wconf 92' lang='lat' dir='ltr'>modo</span> <span class='ocrx_word' id='word_1_43' title='bbox 811 1043 823 1078; x_wconf 95' lang='lat'>,</span> <span class='ocrx_word' id='word_1_44' title='bbox 841 1009 979 1069; x_wconf 70' lang='lat' dir='ltr'>verum,</span> <span class='ocrx_word' id='word_1_45' title='bbox 992 1004 1031 1062; x_wconf 90' lang='lat' dir='ltr'>et</span> <span class='ocrx_word' id='word_1_46' title='bbox 1049 986 1333 1063; x_wconf 87' lang='lat' dir='ltr'>insensibilibus</span> <span class='ocrx_word' id='word_1_47' title='bbox 1349 985 1516 1061; x_wconf 88' lang='lat' dir='ltr'>inuicem</span> <span class='ocrx_word' id='word_1_48' title='bbox 1533 1006 1620 1082; x_wconf 89' lang='lat' dir='ltr'>par·</span> 
     </span>
     <span class='ocr_line' id='line_1_7' title="bbox 320 1089 1620 1187; baseline 0.001 -26"><span class='ocrx_word' id='word_1_49' title='bbox 320 1089 423 1165; x_wconf 88' lang='lat' dir='ltr'>tibus</span> <span class='ocrx_word' id='word_1_50' title='bbox 445 1093 610 1167; x_wconf 86' lang='lat' dir='ltr'>resoluta</span> <span class='ocrx_word' id='word_1_51' title='bbox 631 1091 795 1166; x_wconf 81' lang='lat' dir='ltr'>formam</span> <span class='ocrx_word' id='word_1_52' title='bbox 822 1090 992 1187; x_wconf 86' lang='lat' dir='ltr'>priorem</span> <span class='ocrx_word' id='word_1_53' title='bbox 1012 1090 1246 1180; x_wconf 91' lang='lat' dir='ltr'>immutant,</span> <span class='ocrx_word' id='word_1_54' title='bbox 1269 1113 1315 1165; x_wconf 92' lang='lat' dir='ltr'>ac</span> <span class='ocrx_word' id='word_1_55' title='bbox 1341 1110 1483 1165; x_wconf 88' lang='lat' dir='ltr'>novam</span> <span class='ocrx_word' id='word_1_56' title='bbox 1512 1110 1620 1163; x_wconf 91' lang='lat' dir='ltr'>conr·</span> 
     </span>
     <span class='ocr_line' id='line_1_8' title="bbox 319 1193 1618 1290; baseline -0.002 -23"><span class='ocrx_word' id='word_1_57' title='bbox 319 1193 438 1286; x_wconf 85' lang='lat' dir='ltr'>positi</span> <span class='ocrx_word' id='word_1_58' title='bbox 463 1195 577 1270; x_wconf 88' lang='lat' dir='ltr'>totius</span> <span class='ocrx_word' id='word_1_59' title='bbox 600 1194 830 1270; x_wconf 84' lang='lat' dir='ltr'>adsumunt:</span> <span class='ocrx_word' id='word_1_60' title='bbox 854 1209 893 1268; x_wconf 89' lang='lat' dir='ltr'>et</span> <span class='ocrx_word' id='word_1_61' title='bbox 915 1193 1070 1290; x_wconf 86' lang='lat' dir='ltr'>quidem</span> <span class='ocrx_word' id='word_1_62' title='bbox 1088 1215 1135 1267; x_wconf 93' lang='lat' dir='ltr'>eo</span> <span class='ocrx_word' id='word_1_63' title='bbox 1152 1193 1347 1282; x_wconf 89' lang='lat' dir='ltr'>tenacius,</span> <span class='ocrx_word' id='word_1_64' title='bbox 1362 1214 1438 1290; x_wconf 89' lang='lat' dir='ltr'>quo</span> <span class='ocrx_word' id='word_1_65' title='bbox 1455 1213 1618 1265; x_wconf 74' lang='lat' dir='ltr'>ramosae</span> 
     </span>
     <span class='ocr_line' id='line_1_9' title="bbox 315 1293 1723 1391; baseline 0 -23"><span class='ocrx_word' id='word_1_66' title='bbox 315 1306 450 1388; x_wconf 82' lang='lat' dir='ltr'>&#39;partes</span> <span class='ocrx_word' id='word_1_67' title='bbox 475 1296 643 1372; x_wconf 88' lang='lat' dir='ltr'>invicem</span> <span class='ocrx_word' id='word_1_68' title='bbox 669 1299 823 1371; x_wconf 78' lang='lat' dir='ltr'>intexta</span> <span class='ocrx_word' id='word_1_69' title='bbox 855 1295 1001 1369; x_wconf 86' lang='lat' dir='ltr'>firmius</span> <span class='ocrx_word' id='word_1_70' title='bbox 1028 1295 1322 1383; x_wconf 82' lang='lat' dir='ltr'>adhaesescunt,</span> <span class='ocrx_word' id='word_1_71' title='bbox 1347 1316 1394 1369; x_wconf 88' lang='lat' dir='ltr'>ac</span> <span class='ocrx_word' id='word_1_72' title='bbox 1422 1293 1616 1370; x_wconf 82' lang='lat' dir='ltr'>difficilius</span> <span class='ocrx_word' id='word_1_73' title='bbox 1718 1384 1723 1391; x_wconf 19' lang='grc' dir='ltr'>ι</span> 
     </span>
     <span class='ocr_line' id='line_1_10' title="bbox 267 1395 1615 1497; baseline 0 -28"><span class='ocrx_word' id='word_1_74' title='bbox 267 1412 269 1416; x_wconf 88' lang='grc'><strong><em>·</em></strong></span> <span class='ocrx_word' id='word_1_75' title='bbox 315 1395 364 1469; x_wconf 85' lang='lat' dir='ltr'>in</span> <span class='ocrx_word' id='word_1_76' title='bbox 387 1399 547 1493; x_wconf 89' lang='lat' dir='ltr'>pristina</span> <span class='ocrx_word' id='word_1_77' title='bbox 569 1401 809 1475; x_wconf 85' lang='lat' dir='ltr'>resolvuntur</span> <span class='ocrx_word' id='word_1_78' title='bbox 824 1424 836 1489; x_wconf 75' lang='grc' dir='ltr'><strong>ς</strong></span> <span class='ocrx_word' id='word_1_79' title='bbox 852 1398 949 1472; x_wconf 88' lang='lat' dir='ltr'>adeo</span> <span class='ocrx_word' id='word_1_80' title='bbox 969 1398 1007 1471; x_wconf 90' lang='lat' dir='ltr'>in</span> <span class='ocrx_word' id='word_1_81' title='bbox 1028 1399 1181 1473; x_wconf 85' lang='lat' dir='ltr'>tertiam</span> <span class='ocrx_word' id='word_1_82' title='bbox 1200 1399 1417 1497; x_wconf 88' lang='lat' dir='ltr'>quandam,</span> <span class='ocrx_word' id='word_1_83' title='bbox 1432 1420 1515 1494; x_wconf 84' lang='lat' dir='ltr'>quae</span> <span class='ocrx_word' id='word_1_84' title='bbox 1530 1398 1615 1470; x_wconf 61' lang='lat' dir='ltr'>chi*</span> 
     </span>
     <span class='ocr_line' id='line_1_11' title="bbox 317 1499 1616 1599; baseline 0.004 -28"><span class='ocrx_word' id='word_1_85' title='bbox 317 1499 430 1574; x_wconf 87' lang='lat' dir='ltr'>micis</span> <span class='ocrx_word' id='word_1_86' title='bbox 444 1554 457 1589; x_wconf 91' lang='lat'>,</span> <span class='ocrx_word' id='word_1_87' title='bbox 474 1517 513 1577; x_wconf 91' lang='lat' dir='ltr'>et</span> <span class='ocrx_word' id='word_1_88' title='bbox 532 1503 703 1599; x_wconf 61' lang='lat' dir='ltr'>physicis</span> <span class='ocrx_word' id='word_1_89' title='bbox 719 1501 936 1577; x_wconf 86' lang='lat' dir='ltr'>Balsamum</span> <span class='ocrx_word' id='word_1_90' title='bbox 955 1501 1110 1597; x_wconf 87' lang='lat' dir='ltr'>proprie</span> <span class='ocrx_word' id='word_1_91' title='bbox 1127 1501 1293 1590; x_wconf 84' lang='lat' dir='ltr'>dicitur,</span> <span class='ocrx_word' id='word_1_92' title='bbox 1310 1501 1510 1575; x_wconf 86' lang='lat' dir='ltr'>entitatem</span> <span class='ocrx_word' id='word_1_93' title='bbox 1527 1522 1616 1575; x_wconf 81' lang='lat' dir='ltr'>eoa·</span> 
     </span>
     <span class='ocr_line' id='line_1_12' title="bbox 321 1599 1618 1702; baseline 0.004 -29"><span class='ocrx_word' id='word_1_94' title='bbox 321 1599 489 1678; x_wconf 74' lang='lat' dir='ltr'>lescunt.</span> <span class='ocrx_word' id='word_1_95' title='bbox 505 1600 693 1680; x_wconf 80' lang='lat' dir='ltr'>Virtute:</span> <span class='ocrx_word' id='word_1_96' title='bbox 718 1603 983 1702; x_wconf 86' lang='lat' dir='ltr'>potentissima</span> <span class='ocrx_word' id='word_1_97' title='bbox 1009 1603 1116 1676; x_wconf 90' lang='lat' dir='ltr'>enim</span> <span class='ocrx_word' id='word_1_98' title='bbox 1138 1607 1221 1678; x_wconf 87' lang='lat' dir='ltr'>haec</span> <span class='ocrx_word' id='word_1_99' title='bbox 1244 1618 1359 1692; x_wconf 90' lang='lat' dir='ltr'>sunt,</span> <span class='ocrx_word' id='word_1_100' title='bbox 1387 1617 1427 1676; x_wconf 89' lang='lat' dir='ltr'>et</span> <span class='ocrx_word' id='word_1_101' title='bbox 1448 1603 1618 1678; x_wconf 79' lang='lat' dir='ltr'>caustica</span> 
     </span>
     <span class='ocr_line' id='line_1_13' title="bbox 318 1703 1618 1805; baseline 0.002 -29"><span class='ocrx_word' id='word_1_102' title='bbox 318 1724 398 1798; x_wconf 84' lang='lat' dir='ltr'>prae</span> <span class='ocrx_word' id='word_1_103' title='bbox 414 1705 502 1781; x_wconf 89' lang='lat' dir='ltr'>oleo</span> <span class='ocrx_word' id='word_1_104' title='bbox 520 1707 715 1803; x_wconf 83' lang='lat' dir='ltr'>simplici,</span> <span class='ocrx_word' id='word_1_105' title='bbox 736 1729 819 1805; x_wconf 81' lang='lat' dir='ltr'>quae</span> <span class='ocrx_word' id='word_1_106' title='bbox 837 1705 1130 1780; x_wconf 89' lang='lat' dir='ltr'>blandissimum</span> <span class='ocrx_word' id='word_1_107' title='bbox 1147 1721 1232 1797; x_wconf 84' lang='lat' dir='ltr'>est,</span> <span class='ocrx_word' id='word_1_108' title='bbox 1252 1728 1299 1781; x_wconf 91' lang='lat' dir='ltr'>ac</span> <span class='ocrx_word' id='word_1_109' title='bbox 1315 1705 1405 1781; x_wconf 83' lang='lat' dir='ltr'>vitae</span> <span class='ocrx_word' id='word_1_110' title='bbox 1421 1703 1618 1790; x_wconf 83' lang='lat' dir='ltr'>delicium,</span> 
     </span>
     <span class='ocr_line' id='line_1_14' title="bbox 319 1805 1622 1905; baseline 0.001 -24"><span class='ocrx_word' id='word_1_111' title='bbox 319 1805 487 1883; x_wconf 89' lang='lat' dir='ltr'>Demum</span> <span class='ocrx_word' id='word_1_112' title='bbox 503 1809 673 1905; x_wconf 63' lang='lat' dir='ltr'>afilem,</span> <span class='ocrx_word' id='word_1_113' title='bbox 700 1809 766 1885; x_wconf 90' lang='lat' dir='ltr'>illa</span> <span class='ocrx_word' id='word_1_114' title='bbox 789 1809 891 1885; x_wconf 91' lang='lat' dir='ltr'>enim</span> <span class='ocrx_word' id='word_1_115' title='bbox 920 1809 1157 1900; x_wconf 87' lang='lat' dir='ltr'>incendunt,</span> <span class='ocrx_word' id='word_1_116' title='bbox 1181 1823 1372 1897; x_wconf 86' lang='lat' dir='ltr'>exurunt,</span> <span class='ocrx_word' id='word_1_117' title='bbox 1399 1824 1622 1904; x_wconf 77' lang='lat' dir='ltr'>penetrant,¹</span> 
     </span>
     <span class='ocr_line' id='line_1_15' title="bbox 318 1909 1621 2010; baseline 0.004 -29"><span class='ocrx_word' id='word_1_118' title='bbox 318 1909 592 2009; x_wconf 55' lang='lat' dir='ltr'>adstringunt,</span> <span class='ocrx_word' id='word_1_119' title='bbox 619 1912 747 1987; x_wconf 88' lang='lat' dir='ltr'>oleum</span> <span class='ocrx_word' id='word_1_120' title='bbox 762 1927 899 1987; x_wconf 89' lang='lat' dir='ltr'>contra</span> <span class='ocrx_word' id='word_1_121' title='bbox 913 1910 1153 2010; x_wconf 74' lang='lat' dir='ltr'>moliendis,</span> <span class='ocrx_word' id='word_1_122' title='bbox 1177 1911 1419 2009; x_wconf 78' lang='lat' dir='ltr'>relaxandis,</span> <span class='ocrx_word' id='word_1_123' title='bbox 1439 1911 1621 2008; x_wconf 40' lang='lat' dir='ltr'>fovendis,</span> 
     </span>
     <span class='ocr_line' id='line_1_16' title="bbox 320 2011 1616 2110; baseline 0.005 -26"><span class='ocrx_word' id='word_1_124' title='bbox 320 2011 496 2104; x_wconf 87' lang='lat' dir='ltr'>partibus</span> <span class='ocrx_word' id='word_1_125' title='bbox 520 2016 876 2089; x_wconf 88' lang='lat' dir='ltr'>adcommodatum.</span> <span class='ocrx_word' id='word_1_126' title='bbox 903 2013 987 2108; x_wconf 83' lang='lat' dir='ltr'>Jam</span> <span class='ocrx_word' id='word_1_127' title='bbox 1012 2037 1104 2088; x_wconf 91' lang='lat' dir='ltr'>vero</span> <span class='ocrx_word' id='word_1_128' title='bbox 1132 2015 1162 2086; x_wconf 89' lang='lat' dir='ltr'>si</span> <span class='ocrx_word' id='word_1_129' title='bbox 1187 2016 1270 2088; x_wconf 85' lang='lat' dir='ltr'>haec</span> <span class='ocrx_word' id='word_1_130' title='bbox 1293 2013 1330 2087; x_wconf 93' lang='lat' dir='ltr'>in</span> <span class='ocrx_word' id='word_1_131' title='bbox 1361 2036 1458 2110; x_wconf 89' lang='lat' dir='ltr'>aqua</span> <span class='ocrx_word' id='word_1_132' title='bbox 1489 2030 1616 2090; x_wconf 58' lang='lat' dir='ltr'>muta*</span> 
     </span>
     <span class='ocr_line' id='line_1_17' title="bbox 315 2112 1614 2213; baseline 0.006 -30"><span class='ocrx_word' id='word_1_133' title='bbox 315 2112 374 2186; x_wconf 91' lang='lat' dir='ltr'>tio</span> <span class='ocrx_word' id='word_1_134' title='bbox 401 2115 536 2204; x_wconf 88' lang='lat' dir='ltr'>fieret,</span> <span class='ocrx_word' id='word_1_135' title='bbox 560 2116 683 2189; x_wconf 90' lang='lat' dir='ltr'>nullus</span> <span class='ocrx_word' id='word_1_136' title='bbox 705 2139 842 2213; x_wconf 89' lang='lat' dir='ltr'>aquam</span> <span class='ocrx_word' id='word_1_137' title='bbox 865 2120 966 2187; x_wconf 91' lang='lat' dir='ltr'>hanc</span> <span class='ocrx_word' id='word_1_138' title='bbox 989 2114 1244 2206; x_wconf 74' lang='lat' dir='ltr'>antefactum,</span> <span class='ocrx_word' id='word_1_139' title='bbox 1270 2114 1398 2212; x_wconf 89' lang='lat' dir='ltr'>specie</span> <span class='ocrx_word' id='word_1_140' title='bbox 1422 2115 1614 2191; x_wconf 86' lang='lat' dir='ltr'>diversam</span> 
     </span>
     <span class='ocr_line' id='line_1_18' title="bbox 315 2211 1616 2315; baseline 0.006 -29"><span class='ocrx_word' id='word_1_141' title='bbox 315 2211 341 2286; x_wconf 71' lang='lat' dir='ltr'>al</span> <span class='ocrx_word' id='word_1_142' title='bbox 358 2214 552 2315; x_wconf 88' lang='lat' dir='ltr'>simplici,</span> <span class='ocrx_word' id='word_1_143' title='bbox 576 2216 780 2293; x_wconf 81' lang='lat' dir='ltr'>adfirmare</span> <span class='ocrx_word' id='word_1_144' title='bbox 797 2219 1032 2292; x_wconf 84' lang='lat' dir='ltr'>detrectaret</span> <span class='ocrx_word' id='word_1_145' title='bbox 1050 2215 1242 2313; x_wconf 79' lang='lat' dir='ltr'>baptismo</span> <span class='ocrx_word' id='word_1_146' title='bbox 1259 2240 1412 2315; x_wconf 88' lang='lat' dir='ltr'>prorsus</span> <span class='ocrx_word' id='word_1_147' title='bbox 1429 2218 1616 2315; x_wconf 86' lang='lat' dir='ltr'>ineptam.</span> 
     </span>
     <span class='ocr_line' id='line_1_19' title="bbox 316 2316 1614 2417; baseline 0.003 -23"><span class='ocrx_word' id='word_1_148' title='bbox 316 2316 447 2408; x_wconf 85' lang='lat' dir='ltr'>Quum</span> <span class='ocrx_word' id='word_1_149' title='bbox 481 2318 596 2417; x_wconf 85' lang='lat' dir='ltr'>igitur</span> <span class='ocrx_word' id='word_1_150' title='bbox 621 2321 841 2397; x_wconf 88' lang='lat' dir='ltr'>essentiales</span> <span class='ocrx_word' id='word_1_151' title='bbox 869 2319 1204 2397; x_wconf 77' lang='lat' dir='ltr'>Sacramentorum</span> <span class='ocrx_word' id='word_1_152' title='bbox 1234 2321 1404 2397; x_wconf 81' lang='lat' dir='ltr'>materiae</span> <span class='ocrx_word' id='word_1_153' title='bbox 1432 2321 1614 2399; x_wconf 87' lang='lat' dir='ltr'>immuta·</span> 
     </span>
     <span class='ocr_line' id='line_1_20' title="bbox 318 2415 1617 2515; baseline 0.005 -20"><span class='ocrx_word' id='word_1_154' title='bbox 318 2415 416 2495; x_wconf 92' lang='lat' dir='ltr'>biles</span> <span class='ocrx_word' id='word_1_155' title='bbox 438 2423 540 2510; x_wconf 89' lang='lat' dir='ltr'>sint,</span> <span class='ocrx_word' id='word_1_156' title='bbox 560 2437 599 2497; x_wconf 92' lang='lat' dir='ltr'>et</span> <span class='ocrx_word' id='word_1_157' title='bbox 621 2425 767 2499; x_wconf 76' lang='lat' dir='ltr'>eadem</span> <span class='ocrx_word' id='word_1_158' title='bbox 786 2424 825 2497; x_wconf 91' lang='lat' dir='ltr'>in</span> <span class='ocrx_word' id='word_1_159' title='bbox 845 2421 1020 2499; x_wconf 85' lang='lat' dir='ltr'>Ecclesia</span> <span class='ocrx_word' id='word_1_160' title='bbox 1044 2424 1211 2512; x_wconf 84' lang='lat' dir='ltr'>fuerint,</span> <span class='ocrx_word' id='word_1_161' title='bbox 1240 2428 1283 2501; x_wconf 80' lang='lat' dir='ltr'>al</span> <span class='ocrx_word' id='word_1_162' title='bbox 1301 2447 1401 2499; x_wconf 86' lang='lat' dir='ltr'>nunc</span> <span class='ocrx_word' id='word_1_163' title='bbox 1418 2440 1532 2515; x_wconf 90' lang='lat' dir='ltr'>sunt,</span> <span class='ocrx_word' id='word_1_164' title='bbox 1560 2426 1617 2501; x_wconf 88' lang='lat' dir='ltr'>uti</span> 
     </span>
     <span class='ocr_line' id='line_1_21' title="bbox 317 2522 1617 2604; baseline 0.005 -8"><span class='ocrx_word' id='word_1_165' title='bbox 317 2524 468 2598; x_wconf 89' lang='lat' dir='ltr'>erudite</span> <span class='ocrx_word' id='word_1_166' title='bbox 487 2525 728 2602; x_wconf 86' lang='lat' dir='ltr'>demonstrat</span> <span class='ocrx_word' id='word_1_167' title='bbox 752 2525 928 2601; x_wconf 85' lang='lat' dir='ltr'>Morinus</span> <span class='ocrx_word' id='word_1_168' title='bbox 945 2524 989 2600; x_wconf 83' lang='lat' dir='ltr'>de</span> <span class='ocrx_word' id='word_1_169' title='bbox 1011 2522 1245 2602; x_wconf 76' lang='lat' dir='ltr'>Adnuiuistr.</span> <span class='ocrx_word' id='word_1_170' title='bbox 1268 2530 1503 2604; x_wconf 85' lang='lat' dir='ltr'>Sacrumeut.</span> <span class='ocrx_word' id='word_1_171' title='bbox 1532 2528 1617 2602; x_wconf 86' lang='lat' dir='ltr'>Poe·</span> 
     </span>
     <span class='ocr_line' id='line_1_22' title="bbox 314 2624 1615 2728; baseline 0.003 -29"><span class='ocrx_word' id='word_1_172' title='bbox 314 2627 390 2699; x_wconf 84' lang='lat' dir='ltr'>uit.</span> <span class='ocrx_word' id='word_1_173' title='bbox 404 2624 455 2699; x_wconf 94' lang='lat' dir='ltr'><em>V</em></span> <span class='ocrx_word' id='word_1_174' title='bbox 449 2630 522 2703; x_wconf 84' lang='lat' dir='ltr'>m</span> <span class='ocrx_word' id='word_1_175' title='bbox 537 2628 612 2717; x_wconf 90' lang='lat'>18,</span> <span class='ocrx_word' id='word_1_176' title='bbox 636 2646 675 2705; x_wconf 92' lang='lat' dir='ltr'>et</span> <span class='ocrx_word' id='word_1_177' title='bbox 700 2628 862 2704; x_wconf 82' lang='lat' dir='ltr'>sanioris</span> <span class='ocrx_word' id='word_1_178' title='bbox 880 2628 1066 2704; x_wconf 86' lang='lat' dir='ltr'>doctrinae</span> <span class='ocrx_word' id='word_1_179' title='bbox 1083 2627 1272 2728; x_wconf 89' lang='lat' dir='ltr'>Theologi</span> <span class='ocrx_word' id='word_1_180' title='bbox 1290 2629 1458 2718; x_wconf 69' lang='lat' dir='ltr'>docent,</span> <span class='ocrx_word' id='word_1_181' title='bbox 1482 2630 1615 2727; x_wconf 60' lang='lat' dir='ltr'>p-quis-</span> 
     </span>
     <span class='ocr_line' id='line_1_23' title="bbox 317 2729 1614 2829; baseline 0.005 -27"><span class='ocrx_word' id='word_1_182' title='bbox 317 2733 618 2828; x_wconf 53' lang='lat' dir='ltr'>pamjsquaes&#39;o,</span> <span class='ocrx_word' id='word_1_183' title='bbox 644 2733 869 2809; x_wconf 80' lang='lat' dir='ltr'>unctionem</span> <span class='ocrx_word' id='word_1_184' title='bbox 905 2732 1008 2828; x_wconf 75' lang='lat' dir='ltr'>apud</span> <span class='ocrx_word' id='word_1_185' title='bbox 1039 2731 1225 2823; x_wconf 83' lang='lat' dir='ltr'>Latinos,</span> <span class='ocrx_word' id='word_1_186' title='bbox 1241 2748 1293 2808; x_wconf 81' lang='lat' dir='ltr'>et</span> <span class='ocrx_word' id='word_1_187' title='bbox 1318 2732 1425 2829; x_wconf 83' lang='lat' dir='ltr'>apud</span> <span class='ocrx_word' id='word_1_188' title='bbox 1452 2729 1614 2809; x_wconf 81' lang='lat' dir='ltr'>Graecos</span> 
     </span>
     <span class='ocr_line' id='line_1_24' title="bbox 320 2833 1618 2927; baseline 0.004 -22"><span class='ocrx_word' id='word_1_189' title='bbox 320 2834 451 2927; x_wconf 91' lang='lat' dir='ltr'>specie</span> <span class='ocrx_word' id='word_1_190' title='bbox 484 2834 677 2909; x_wconf 81' lang='lat' dir='ltr'>diversam</span> <span class='ocrx_word' id='word_1_191' title='bbox 711 2835 933 2912; x_wconf 86' lang='lat' dir='ltr'>essentiales</span> <span class='ocrx_word' id='word_1_192' title='bbox 958 2833 1272 2910; x_wconf 84' lang='lat' dir='ltr'>Confirmationis</span> <span class='ocrx_word' id='word_1_193' title='bbox 1302 2835 1504 2918; x_wconf 82' lang='lat' dir='ltr'>materiam</span> <span class='ocrx_word' id='word_1_194' title='bbox 1531 2839 1618 2926; x_wconf 85' lang='lat' dir='ltr'>jure</span> 
     </span>
     <span class='ocr_line' id='line_1_25' title="bbox 320 2934 1628 3040; baseline 0.003 -32"><span class='ocrx_word' id='word_1_195' title='bbox 320 2936 526 3011; x_wconf 77' lang='lat' dir='ltr'>adfirmare</span> <span class='ocrx_word' id='word_1_196' title='bbox 548 2938 745 3034; x_wconf 76' lang='lat' dir='ltr'>quiveriti</span> <span class='ocrx_word' id='word_1_197' title='bbox 772 2934 854 3040; x_wconf 83' lang='grc'>(**)</span> <span class='ocrx_word' id='word_1_198' title='bbox 871 2935 1029 3012; x_wconf 91' lang='lat' dir='ltr'>·Verum</span> <span class='ocrx_word' id='word_1_199' title='bbox 1052 2960 1129 3010; x_wconf 91' lang='lat' dir='ltr'>non</span> <span class='ocrx_word' id='word_1_200' title='bbox 1153 2939 1305 3012; x_wconf 89' lang='lat' dir='ltr'>videtur</span> <span class='ocrx_word' id='word_1_201' title='bbox 1327 2937 1456 3033; x_wconf 90' lang='lat' dir='ltr'>specie</span> <span class='ocrx_word' id='word_1_202' title='bbox 1486 2936 1628 3015; x_wconf 63' lang='lat' dir='ltr'>dives.</span> 
     </span>
     <span class='ocr_line' id='line_1_26' title="bbox 318 3036 1618 3137; baseline 0.005 -27"><span class='ocrx_word' id='word_1_203' title='bbox 318 3059 405 3111; x_wconf 87' lang='lat' dir='ltr'>sum</span> <span class='ocrx_word' id='word_1_204' title='bbox 426 3039 961 3122; x_wconf 84' lang='lat' dir='ltr'>chrismationiselementum</span> <span class='ocrx_word' id='word_1_205' title='bbox 987 3042 1090 3137; x_wconf 85' lang='lat' dir='ltr'>apud</span> <span class='ocrx_word' id='word_1_206' title='bbox 1111 3036 1298 3130; x_wconf 84' lang='lat' dir='ltr'>Graecos,</span> <span class='ocrx_word' id='word_1_207' title='bbox 1328 3056 1368 3113; x_wconf 93' lang='lat' dir='ltr'>et</span> <span class='ocrx_word' id='word_1_208' title='bbox 1389 3038 1494 3134; x_wconf 81' lang='lat' dir='ltr'>apud</span> <span class='ocrx_word' id='word_1_209' title='bbox 1511 3042 1618 3117; x_wconf 82' lang='lat' dir='ltr'>Lati·</span> 
     </span>
     <span class='ocr_line' id='line_1_27' title="bbox 321 3142 1631 3244; baseline 0.005 -31"><span class='ocrx_word' id='word_1_210' title='bbox 321 3147 418 3232; x_wconf 74' lang='lat' dir='ltr'>nos,</span> <span class='ocrx_word' id='word_1_211' title='bbox 457 3146 543 3217; x_wconf 90' lang='lat' dir='ltr'>hoc·</span> <span class='ocrx_word' id='word_1_212' title='bbox 561 3144 668 3218; x_wconf 88' lang='lat' dir='ltr'>e&#39;nim</span> <span class='ocrx_word' id='word_1_213' title='bbox 699 3167 821 3244; x_wconf 90' lang='lat' dir='ltr'>neque</span> <span class='ocrx_word' id='word_1_214' title='bbox 851 3158 909 3218; x_wconf 87' lang='lat' dir='ltr'>est</span> <span class='ocrx_word' id='word_1_215' title='bbox 938 3143 1095 3232; x_wconf 89' lang='lat' dir='ltr'>oleum,</span> <span class='ocrx_word' id='word_1_216' title='bbox 1125 3165 1247 3241; x_wconf 88' lang='lat' dir='ltr'>oeque</span> <span class='ocrx_word' id='word_1_217' title='bbox 1278 3142 1517 3233; x_wconf 74' lang='lat' dir='ltr'>balsamum,</span> <span class='ocrx_word' id='word_1_218' title='bbox 1547 3143 1631 3220; x_wconf 60' lang='lat' dir='ltr'>sed.</span> 
     </span>
     <span class='ocr_line' id='line_1_28' title="bbox 322 3242 1634 3346; baseline 0.004 -29"><span class='ocrx_word' id='word_1_219' title='bbox 322 3242 566 3335; x_wconf 75' lang='lat' dir='ltr'>oleosares,</span> <span class='ocrx_word' id='word_1_220' title='bbox 595 3262 635 3322; x_wconf 93' lang='lat' dir='ltr'>et</span> <span class='ocrx_word' id='word_1_221' title='bbox 655 3247 707 3321; x_wconf 85' lang='lat' dir='ltr'>ad</span> <span class='ocrx_word' id='word_1_222' title='bbox 727 3247 948 3346; x_wconf 87' lang='lat' dir='ltr'>ungendum</span> <span class='ocrx_word' id='word_1_223' title='bbox 972 3246 1137 3335; x_wconf 87' lang='lat' dir='ltr'>idonea,</span> <span class='ocrx_word' id='word_1_224' title='bbox 1163 3247 1245 3320; x_wconf 87' lang='lat' dir='ltr'>haec</span> <span class='ocrx_word' id='word_1_225' title='bbox 1265 3246 1320 3322; x_wconf 90' lang='lat' dir='ltr'>ita</span> <span class='ocrx_word' id='word_1_226' title='bbox 1345 3260 1469 3319; x_wconf 91' lang='lat' dir='ltr'>sumta</span> <span class='ocrx_word' id='word_1_227' title='bbox 1495 3260 1634 3322; x_wconf 66' lang='lat' dir='ltr'>mateo.</span> 
     </span>
     <span class='ocr_line' id='line_1_29' title="bbox 325 3342 1621 3448; baseline 0.003 -29"><span class='ocrx_word' id='word_1_228' title='bbox 325 3345 409 3435; x_wconf 83' lang='lat' dir='ltr'>ria,</span> <span class='ocrx_word' id='word_1_229' title='bbox 440 3348 577 3422; x_wconf 87' lang='lat' dir='ltr'>eadem</span> <span class='ocrx_word' id='word_1_230' title='bbox 604 3364 662 3422; x_wconf 88' lang='lat' dir='ltr'>est</span> <span class='ocrx_word' id='word_1_231' title='bbox 686 3351 726 3422; x_wconf 89' lang='lat' dir='ltr'>in</span> <span class='ocrx_word' id='word_1_232' title='bbox 750 3367 910 3445; x_wconf 87' lang='lat' dir='ltr'>utraque</span> <span class='ocrx_word' id='word_1_233' title='bbox 936 3347 1126 3421; x_wconf 85' lang='lat' dir='ltr'>Ecclesia.</span> <span class='ocrx_word' id='word_1_234' title='bbox 1145 3342 1202 3448; x_wconf 63' lang='lat' dir='ltr'>(i)</span> <span class='ocrx_word' id='word_1_235' title='bbox 1230 3349 1322 3420; x_wconf 91' lang='lat' dir='ltr'>Sunt</span> <span class='ocrx_word' id='word_1_236' title='bbox 1345 3363 1384 3419; x_wconf 89' lang='lat' dir='ltr'>et</span> <span class='ocrx_word' id='word_1_237' title='bbox 1405 3348 1480 3421; x_wconf 89' lang='lat' dir='ltr'>alia</span> <span class='ocrx_word' id='word_1_238' title='bbox 1505 3369 1621 3445; x_wconf 85' lang='lat' dir='ltr'>argu-</span> 
     </span>
     <span class='ocr_line' id='line_1_30' title="bbox 325 3446 1619 3547; baseline 0.005 -25"><span class='ocrx_word' id='word_1_239' title='bbox 325 3461 457 3523; x_wconf 90' lang='lat' dir='ltr'>menta</span> <span class='ocrx_word' id='word_1_240' title='bbox 511 3472 594 3547; x_wconf 78' lang='lat' dir='ltr'>quae</span> <span class='ocrx_word' id='word_1_241' title='bbox 618 3449 669 3524; x_wconf 90' lang='lat' dir='ltr'>ab</span> <span class='ocrx_word' id='word_1_242' title='bbox 691 3450 923 3540; x_wconf 88' lang='lat' dir='ltr'>Sirmondo,</span> <span class='ocrx_word' id='word_1_243' title='bbox 951 3446 1184 3538; x_wconf 87' lang='lat' dir='ltr'>Sambouio,</span> <span class='ocrx_word' id='word_1_244' title='bbox 1212 3448 1370 3547; x_wconf 87' lang='lat' dir='ltr'>aliisque</span> <span class='ocrx_word' id='word_1_245' title='bbox 1391 3451 1507 3543; x_wconf 83' lang='lat' dir='ltr'>hujus</span> <span class='ocrx_word' id='word_1_246' title='bbox 1530 3473 1619 3527; x_wconf 86' lang='lat' dir='ltr'>sen·</span> 
     </span>
     <span class='ocr_line' id='line_1_31' title="bbox 326 3545 1632 3656; baseline 0.002 -30"><span class='ocrx_word' id='word_1_247' title='bbox 326 3545 455 3656; x_wconf 73' lang='lat' dir='ltr'>tentjst</span> <span class='ocrx_word' id='word_1_248' title='bbox 480 3552 651 3648; x_wconf 82' lang='lat' dir='ltr'>patronis</span> <span class='ocrx_word' id='word_1_249' title='bbox 674 3556 964 3650; x_wconf 77' lang='lat' dir='ltr'>producuntu13</span> <span class='ocrx_word' id='word_1_250' title='bbox 992 3551 1185 3649; x_wconf 86' lang='lat' dir='ltr'>praecipua</span> <span class='ocrx_word' id='word_1_251' title='bbox 1215 3551 1404 3628; x_wconf 88' lang='lat' dir='ltr'>indicasse</span> <span class='ocrx_word' id='word_1_252' title='bbox 1425 3552 1516 3626; x_wconf 85' lang='lat' dir='ltr'>satis</span> <span class='ocrx_word' id='word_1_253' title='bbox 1537 3568 1632 3628; x_wconf 89' lang='lat' dir='ltr'>esto.</span> 
     </span>
     <span class='ocr_line' id='line_1_32' title="bbox 317 3651 1621 3755; baseline 0.002 -29"><span class='ocrx_word' id='word_1_254' title='bbox 317 3653 707 3752; x_wconf 58' lang='lat' dir='ltr'>adsmgnoscendum</span> <span class='ocrx_word' id='word_1_255' title='bbox 728 3661 843 3755; x_wconf 84' lang='lat' dir='ltr'>qua&#39;m</span> <span class='ocrx_word' id='word_1_256' title='bbox 872 3656 983 3754; x_wconf 81' lang='lat' dir='ltr'>gravi</span> <span class='ocrx_word' id='word_1_257' title='bbox 1014 3653 1139 3749; x_wconf 85' lang='lat' dir='ltr'>culpae</span> <span class='ocrx_word' id='word_1_258' title='bbox 1170 3676 1210 3728; x_wconf 90' lang='lat' dir='ltr'>se</span> <span class='ocrx_word' id='word_1_259' title='bbox 1234 3656 1371 3730; x_wconf 85' lang='lat' dir='ltr'>reddat</span> <span class='ocrx_word' id='word_1_260' title='bbox 1396 3651 1621 3747; x_wconf 82' lang='lat' dir='ltr'>obnoxium,</span> 
     </span>
     <span class='ocr_line' id='line_1_33' title="bbox 326 3755 1622 3856; baseline 0.003 -28"><span class='ocrx_word' id='word_1_261' title='bbox 326 3755 392 3853; x_wconf 83' lang='lat' dir='ltr'>qui</span> <span class='ocrx_word' id='word_1_262' title='bbox 420 3761 600 3834; x_wconf 86' lang='lat' dir='ltr'>manuum</span> <span class='ocrx_word' id='word_1_263' title='bbox 622 3757 1106 3854; x_wconf 84' lang='lat' dir='ltr'>impositionem-recipere</span> <span class='ocrx_word' id='word_1_264' title='bbox 1134 3756 1371 3856; x_wconf 81' lang='lat' dir='ltr'>negligeret:</span> <span class='ocrx_word' id='word_1_265' title='bbox 1397 3757 1622 3832; x_wconf 86' lang='lat' dir='ltr'>Sacramen-</span> 
     </span>
     <span class='ocr_line' id='line_1_34' title="bbox 325 3854 1624 3956; baseline -0.001 -23"><span class='ocrx_word' id='word_1_266' title='bbox 325 3873 409 3934; x_wconf 88' lang='lat' dir='ltr'>tum</span> <span class='ocrx_word' id='word_1_267' title='bbox 426 3858 531 3933; x_wconf 88' lang='lat' dir='ltr'>enim</span> <span class='ocrx_word' id='word_1_268' title='bbox 556 3859 726 3955; x_wconf 85' lang='lat' dir='ltr'>periculo</span> <span class='ocrx_word' id='word_1_269' title='bbox 749 3858 935 3934; x_wconf 89' lang='lat' dir='ltr'>nullitatis</span> <span class='ocrx_word' id='word_1_270' title='bbox 950 3874 1185 3956; x_wconf 83' lang='lat' dir='ltr'>exponeret.</span> <span class='ocrx_word' id='word_1_271' title='bbox 1203 3854 1431 3934; x_wconf 72' lang='lat' dir='ltr'>Verumsubi</span> <span class='ocrx_word' id='word_1_272' title='bbox 1448 3879 1494 3932; x_wconf 90' lang='lat' dir='ltr'>ex</span> <span class='ocrx_word' id='word_1_273' title='bbox 1507 3859 1624 3956; x_wconf 73' lang='lat' dir='ltr'>ignor¹</span> 
     </span>
     <span class='ocr_line' id='line_1_35' title="bbox 327 3955 1625 4057; baseline 0.001 -22"><span class='ocrx_word' id='word_1_274' title='bbox 327 3961 452 4037; x_wconf 84' lang='lat' dir='ltr'>tantia</span> <span class='ocrx_word' id='word_1_275' title='bbox 476 3962 617 4037; x_wconf 88' lang='lat' dir='ltr'>omissa</span> <span class='ocrx_word' id='word_1_276' title='bbox 634 3963 723 4054; x_wconf 83' lang='lat' dir='ltr'>sit,</span> <span class='ocrx_word' id='word_1_277' title='bbox 756 3955 1047 4038; x_wconf 83' lang='lat' dir='ltr'>Sacramentum</span> <span class='ocrx_word' id='word_1_278' title='bbox 1079 3964 1298 4038; x_wconf 88' lang='lat' dir='ltr'>iterandum</span> <span class='ocrx_word' id='word_1_279' title='bbox 1335 3981 1410 4036; x_wconf 80' lang='lat' dir='ltr'>nou</span> <span class='ocrx_word' id='word_1_280' title='bbox 1428 3977 1499 4036; x_wconf 74' lang='lat' dir='ltr'>est</span> <span class='ocrx_word' id='word_1_281' title='bbox 1513 4001 1534 4051; x_wconf 90' lang='lat'>,·</span> <span class='ocrx_word' id='word_1_282' title='bbox 1552 3962 1625 4057; x_wconf 75' lang='lat' dir='ltr'>secl</span> 
     </span>
     <span class='ocr_line' id='line_1_36' title="bbox 328 4061 1624 4162; baseline 0.001 -24"><span class='ocrx_word' id='word_1_283' title='bbox 328 4080 439 4140; x_wconf 89' lang='lat' dir='ltr'>caute</span> <span class='ocrx_word' id='word_1_284' title='bbox 456 4064 738 4160; x_wconf 87' lang='lat' dir='ltr'>supplendum,</span> <span class='ocrx_word' id='word_1_285' title='bbox 761 4067 862 4162; x_wconf 86' lang='lat' dir='ltr'>quod</span> <span class='ocrx_word' id='word_1_286' title='bbox 881 4065 1034 4140; x_wconf 90' lang='lat' dir='ltr'>incaute</span> <span class='ocrx_word' id='word_1_287' title='bbox 1045 4063 1176 4140; x_wconf 84' lang='lat' dir='ltr'>iuerat</span> <span class='ocrx_word' id='word_1_288' title='bbox 1191 4062 1374 4139; x_wconf 86' lang='lat' dir='ltr'>omissum</span> <span class='ocrx_word' id='word_1_289' title='bbox 1390 4061 1517 4158; x_wconf 70' lang='lat' dir='ltr'>tcap.</span> <span class='ocrx_word' id='word_1_290' title='bbox 1540 4086 1555 4138; x_wconf 94' lang='lat' dir='ltr'>r</span> <span class='ocrx_word' id='word_1_291' title='bbox 1575 4063 1624 4139; x_wconf 79' lang='lat' dir='ltr'>de.</span> 
     </span>
     <span class='ocr_line' id='line_1_37' title="bbox 328 4165 1625 4265; baseline 0.002 -27"><span class='ocrx_word' id='word_1_292' title='bbox 328 4165 445 4242; x_wconf 81' lang='lat' dir='ltr'>Sacr.</span> <span class='ocrx_word' id='word_1_293' title='bbox 462 4191 530 4241; x_wconf 83' lang='lat' dir='ltr'>unu</span> <span class='ocrx_word' id='word_1_294' title='bbox 552 4167 750 4252; x_wconf 68' lang='lat' dir='ltr'>iterandis.</span> <span class='ocrx_word' id='word_1_295' title='bbox 767 4168 885 4241; x_wconf 86' lang='lat' dir='ltr'>Porro</span> <span class='ocrx_word' id='word_1_296' title='bbox 903 4168 952 4241; x_wconf 91' lang='lat' dir='ltr'>de</span> <span class='ocrx_word' id='word_1_297' title='bbox 969 4171 1046 4242; x_wconf 89' lang='lat' dir='ltr'>hoc</span> <span class='ocrx_word' id='word_1_298' title='bbox 1065 4167 1192 4264; x_wconf 88' lang='lat' dir='ltr'>capite</span> <span class='ocrx_word' id='word_1_299' title='bbox 1214 4166 1346 4242; x_wconf 79' lang='lat' dir='ltr'>fusiori</span> <span class='ocrx_word' id='word_1_300' title='bbox 1361 4165 1514 4242; x_wconf 78' lang='lat' dir='ltr'>calamo</span> <span class='ocrx_word' id='word_1_301' title='bbox 1529 4188 1625 4265; x_wconf 67' lang='lat' dir='ltr'>age-1</span> 
     </span>
     <span class='ocr_line' id='line_1_38' title="bbox 330 4267 1661 4365; baseline 0.001 -22"><span class='ocrx_word' id='word_1_302' title='bbox 330 4289 416 4343; x_wconf 88' lang='lat' dir='ltr'>mus</span> <span class='ocrx_word' id='word_1_303' title='bbox 443 4269 482 4342; x_wconf 91' lang='lat' dir='ltr'>in</span> <span class='ocrx_word' id='word_1_304' title='bbox 505 4269 646 4345; x_wconf 86' lang='lat' dir='ltr'>nostris</span> <span class='ocrx_word' id='word_1_305' title='bbox 669 4268 985 4365; x_wconf 75' lang='lat' dir='ltr'>Antiquitatibus</span> <span class='ocrx_word' id='word_1_306' title='bbox 1003 4267 1262 4346; x_wconf 67' lang='lat' dir='ltr'>Christianis.</span> <span class='ocrx_word' id='word_1_307' title='bbox 1344 4333 1349 4344; x_wconf 82' lang='grc'><em>,</em></span> <span class='ocrx_word' id='word_1_308' title='bbox 1397 4331 1401 4344; x_wconf 95' lang='grc'>.</span> <span class='ocrx_word' id='word_1_309' title='bbox 1441 4329 1446 4342; x_wconf 97' lang='grc'>.</span> <span class='ocrx_word' id='word_1_310' title='bbox 1480 4303 1535 4344; x_wconf 77' lang='grc'><em>·,-.</em></span> <span class='ocrx_word' id='word_1_311' title='bbox 1552 4310 1587 4343; x_wconf 82' lang='grc'>·.</span> <span class='ocrx_word' id='word_1_312' title='bbox 1617 4299 1625 4344; x_wconf 70' lang='grc' dir='ltr'><strong><em>ι</em></strong></span> <span class='ocrx_word' id='word_1_313' title='bbox 1658 4303 1661 4308; x_wconf 62' lang='grc'><strong>’</strong></span> 
     </span>
    </p>
   </div>
   <div class='ocr_carea' id='block_1_2' title="bbox 330 4363 1634 4654">
    <p class='ocr_par' dir='ltr' id='par_1_2' title="bbox 330 4363 1634 4654">
     <span class='ocr_line' id='line_1_39' title="bbox 342 4363 1634 4475; baseline 0.004 -32"><span class='ocrx_word' id='word_1_314' title='bbox 342 4413 363 4440; x_wconf 92' lang='grc'>-.</span> <span class='ocrx_word' id='word_1_315' title='bbox 383 4371 518 4445; x_wconf 78' lang='lat' dir='ltr'>XXIX.</span> <span class='ocrx_word' id='word_1_316' title='bbox 547 4372 648 4447; x_wconf 89' lang='lat' dir='ltr'>lllud·</span> <span class='ocrx_word' id='word_1_317' title='bbox 674 4372 739 4447; x_wconf 92' lang='lat' dir='ltr'>hic</span> <span class='ocrx_word' id='word_1_318' title='bbox 766 4363 1634 4475; x_wconf 65' lang='lat' dir='ltr'>adnotare&#39;flube&#39;tt.scilicet.antiquissimam¹</span> 
     </span>
     <span class='ocr_line' id='line_1_40' title="bbox 330 4471 1629 4654; baseline 0.005 -107"><span class='ocrx_word' id='word_1_319' title='bbox 330 4472 812 4654; x_wconf 49' lang='lat' dir='ltr'>ossfficclle&#39;lsiaepoaxim,</span> <span class='ocrx_word' id='word_1_320' title='bbox 822 4481 870 4551; x_wconf 86' lang='lat' dir='ltr'>ut</span> <span class='ocrx_word' id='word_1_321' title='bbox 886 4475 1071 4570; x_wconf 68' lang='lat' dir='ltr'>christina</span> <span class='ocrx_word' id='word_1_322' title='bbox 1085 4474 1240 4651; x_wconf 59' lang='lat' dir='ltr'>astorgi</span> <span class='ocrx_word' id='word_1_323' title='bbox 1252 4471 1523 4571; x_wconf 76' lang='lat' dir='ltr'>alr-Episcopo</span> <span class='ocrx_word' id='word_1_324' title='bbox 1533 4497 1629 4649; x_wconf 54' lang='lat' dir='ltr'>cog-t</span> 
     </span>
    </p>
   </div>
   <div class='ocr_carea' id='block_1_3' title="bbox 0 0 2038 5275">
    <p class='ocr_par' dir='ltr' id='par_1_3' title="bbox 0 0 2038 5275">
     <span class='ocr_line' id='line_1_41' title="bbox 0 0 2038 5275; baseline 0 0"><span class='ocrx_word' id='word_1_325' title='bbox 0 0 2038 5275; x_wconf 95' lang='lat' dir='ltr'> </span> 
     </span>
    </p>
   </div>
  </div>
 </body>
</html>
