<?xml version="1.0" encoding="UTF-8"?>
<!DOCTYPE html PUBLIC "-//W3C//DTD XHTML 1.0 Transitional//EN"
    "http://www.w3.org/TR/xhtml1/DTD/xhtml1-transitional.dtd">
<html xmlns="http://www.w3.org/1999/xhtml" xml:lang="en" lang="en">
 <head>
  <title>
</title>
<meta http-equiv="Content-Type" content="text/html;charset=utf-8" />
  <meta name='ocr-system' content='tesseract 3.04.00' />
  <meta name='ocr-capabilities' content='ocr_page ocr_carea ocr_par ocr_line ocrx_word'/>
</head>
<body>
  <div class='ocr_page' id='page_1' title='image "./institutionumca00selvgoog_0181.png"; bbox 0 0 4034 5275; ppageno 0'>
   <div class='ocr_carea' id='block_1_1' title="bbox 342 455 1698 4642">
    <p class='ocr_par' dir='ltr' id='par_1_1' title="bbox 363 455 1667 1789">
     <span class='ocr_line' id='line_1_1' title="bbox 487 455 1646 568; baseline 0.007 -34"><span class='ocrx_word' id='word_1_1' title='bbox 487 538 490 547; x_wconf 72' lang='grc'><strong>,</strong></span> <span class='ocrx_word' id='word_1_2' title='bbox 557 542 561 547; x_wconf 61' lang='grc'><strong>,</strong></span> <span class='ocrx_word' id='word_1_3' title='bbox 771 455 1226 536; x_wconf 63' lang='lat' dir='ltr'>monterionem</span> <span class='ocrx_word' id='word_1_4' title='bbox 1243 455 1309 534; x_wconf 88' lang='lat' dir='ltr'>II.</span> <span class='ocrx_word' id='word_1_5' title='bbox 1573 467 1646 568; x_wconf 83' lang='lat'>169</span> 
     </span>
     <span class='ocr_line' id='line_1_2' title="bbox 367 561 1667 658; baseline 0.005 -17"><span class='ocrx_word' id='word_1_6' title='bbox 367 564 490 643; x_wconf 60' lang='lat' dir='ltr'>lufo:</span> <span class='ocrx_word' id='word_1_7' title='bbox 519 564 612 642; x_wconf 79' lang='lat' dir='ltr'>Gen.</span> <span class='ocrx_word' id='word_1_8' title='bbox 631 561 753 640; x_wconf 83' lang='lat' dir='ltr'>XIV</span> <span class='ocrx_word' id='word_1_9' title='bbox 769 577 807 638; x_wconf 76' lang='grc' dir='ltr'>ν’.</span> <span class='ocrx_word' id='word_1_10' title='bbox 835 585 897 639; x_wconf 84' lang='lat'>20.</span> <span class='ocrx_word' id='word_1_11' title='bbox 941 564 1052 636; x_wconf 86' lang='lat' dir='ltr'>Hanc</span> <span class='ocrx_word' id='word_1_12' title='bbox 1086 563 1150 635; x_wconf 90' lang='lat' dir='ltr'>avi</span> <span class='ocrx_word' id='word_1_13' title='bbox 1187 563 1244 635; x_wconf 90' lang='lat' dir='ltr'>sui</span> <span class='ocrx_word' id='word_1_14' title='bbox 1280 561 1461 658; x_wconf 85' lang='lat' dir='ltr'>pietatem</span> <span class='ocrx_word' id='word_1_15' title='bbox 1500 565 1667 648; x_wconf 83' lang='lat' dir='ltr'>imitatus</span> 
     </span>
     <span class='ocr_line' id='line_1_3' title="bbox 369 663 1666 768; baseline 0.004 -23"><span class='ocrx_word' id='word_1_16' title='bbox 369 665 544 768; x_wconf 84' lang='lat' dir='ltr'>Jacobus</span> <span class='ocrx_word' id='word_1_17' title='bbox 568 687 820 757; x_wconf 86' lang='lat' dir='ltr'>cunctorum,</span> <span class='ocrx_word' id='word_1_18' title='bbox 850 688 932 765; x_wconf 85' lang='lat' dir='ltr'>quae</span> <span class='ocrx_word' id='word_1_19' title='bbox 963 663 1036 738; x_wconf 84' lang='lat' dir='ltr'>sibi</span> <span class='ocrx_word' id='word_1_20' title='bbox 1058 664 1097 736; x_wconf 91' lang='lat' dir='ltr'>in</span> <span class='ocrx_word' id='word_1_21' title='bbox 1115 665 1398 760; x_wconf 83' lang='lat' dir='ltr'>Mesopotamia</span> <span class='ocrx_word' id='word_1_22' title='bbox 1429 669 1666 767; x_wconf 82' lang='lat' dir='ltr'>adquirenda</span> 
     </span>
     <span class='ocr_line' id='line_1_4' title="bbox 363 767 1666 863; baseline 0.002 -16"><span class='ocrx_word' id='word_1_23' title='bbox 363 788 532 863; x_wconf 78' lang='lat' dir='ltr'>esseut,</span> <span class='ocrx_word' id='word_1_24' title='bbox 572 772 743 846; x_wconf 83' lang='lat' dir='ltr'>decimos</span> <span class='ocrx_word' id='word_1_25' title='bbox 773 772 856 844; x_wconf 90' lang='lat' dir='ltr'>Deo</span> <span class='ocrx_word' id='word_1_26' title='bbox 888 767 1104 842; x_wconf 83' lang='lat' dir='ltr'>offerendos</span> <span class='ocrx_word' id='word_1_27' title='bbox 1141 768 1273 840; x_wconf 84' lang='lat' dir='ltr'>vovit:</span> <span class='ocrx_word' id='word_1_28' title='bbox 1318 767 1411 843; x_wconf 84' lang='lat' dir='ltr'><em>ibid.</em></span> <span class='ocrx_word' id='word_1_29' title='bbox 1438 770 1666 850; x_wconf 81' lang='lat' dir='ltr'><em>XXVIII</em></span> 
     </span>
     <span class='ocr_line' id='line_1_5' title="bbox 366 867 1666 975; baseline 0.005 -27"><span class='ocrx_word' id='word_1_30' title='bbox 366 870 413 948; x_wconf 84' lang='lat'>&#39;‘0.</span> <span class='ocrx_word' id='word_1_31' title='bbox 434 894 509 963; x_wconf 73' lang='grc' dir='ltr'>αα,</span> <span class='ocrx_word' id='word_1_32' title='bbox 536 894 649 974; x_wconf 82' lang='lat' dir='ltr'>quam</span> <span class='ocrx_word' id='word_1_33' title='bbox 678 874 795 946; x_wconf 85' lang='lat' dir='ltr'>fidem</span> <span class='ocrx_word' id='word_1_34' title='bbox 826 871 877 946; x_wconf 86' lang='lat' dir='ltr'>ab</span> <span class='ocrx_word' id='word_1_35' title='bbox 905 870 1041 945; x_wconf 90' lang='lat' dir='ltr'>itinere</span> <span class='ocrx_word' id='word_1_36' title='bbox 1063 873 1243 944; x_wconf 84' lang='lat' dir='ltr'>reducem</span> <span class='ocrx_word' id='word_1_37' title='bbox 1274 867 1586 975; x_wconf 85' lang='lat' dir='ltr'>liberasseoemo</span> <span class='ocrx_word' id='word_1_38' title='bbox 1604 884 1666 954; x_wconf 90' lang='lat' dir='ltr'>vel</span> 
     </span>
     <span class='ocr_line' id='line_1_6' title="bbox 367 972 1665 1056; baseline 0.005 -7"><span class='ocrx_word' id='word_1_39' title='bbox 367 974 693 1052; x_wconf 81' lang='lat' dir='ltr'>subdubitaverit.</span> <span class='ocrx_word' id='word_1_40' title='bbox 727 976 845 1049; x_wconf 85' lang='lat' dir='ltr'>Porro</span> <span class='ocrx_word' id='word_1_41' title='bbox 884 991 972 1048; x_wconf 85' lang='lat' dir='ltr'>ante</span> <span class='ocrx_word' id='word_1_42' title='bbox 1006 972 1221 1046; x_wconf 86' lang='lat' dir='ltr'>Mosaicam</span> <span class='ocrx_word' id='word_1_43' title='bbox 1266 976 1502 1049; x_wconf 82' lang='lat' dir='ltr'>sanctionem</span> <span class='ocrx_word' id='word_1_44' title='bbox 1537 980 1665 1056; x_wconf 85' lang='lat' dir='ltr'>Leuit.</span> 
     </span>
     <span class='ocr_line' id='line_1_7' title="bbox 370 1073 1662 1175; baseline 0.006 -24"><span class='ocrx_word' id='word_1_45' title='bbox 370 1077 578 1156; x_wconf 89' lang='lat' dir='ltr'><em>XXVII</em></span> <span class='ocrx_word' id='word_1_46' title='bbox 605 1103 642 1154; x_wconf 86' lang='lat' dir='ltr'>v.</span> <span class='ocrx_word' id='word_1_47' title='bbox 672 1101 722 1175; x_wconf 79' lang='lat'>30</span> <span class='ocrx_word' id='word_1_48' title='bbox 754 1076 877 1153; x_wconf 87' lang='lat' dir='ltr'>nuilus</span> <span class='ocrx_word' id='word_1_49' title='bbox 919 1098 966 1150; x_wconf 83' lang='lat' dir='ltr'>ex</span> <span class='ocrx_word' id='word_1_50' title='bbox 1002 1075 1094 1172; x_wconf 88' lang='lat' dir='ltr'>ipsis</span> <span class='ocrx_word' id='word_1_51' title='bbox 1141 1073 1402 1171; x_wconf 83' lang='lat' dir='ltr'>religiossimis</span> <span class='ocrx_word' id='word_1_52' title='bbox 1435 1079 1662 1159; x_wconf 87' lang='lat' dir='ltr'>Patriarchis</span> 
     </span>
     <span class='ocr_line' id='line_1_8' title="bbox 372 1176 1662 1278; baseline 0.005 -24"><span class='ocrx_word' id='word_1_53' title='bbox 372 1179 545 1277; x_wconf 77' lang='lat' dir='ltr'>legitur,</span> <span class='ocrx_word' id='word_1_54' title='bbox 576 1184 640 1278; x_wconf 89' lang='lat' dir='ltr'>qui</span> <span class='ocrx_word' id='word_1_55' title='bbox 665 1198 845 1277; x_wconf 85' lang='lat' dir='ltr'>tanquam</span> <span class='ocrx_word' id='word_1_56' title='bbox 863 1178 1035 1252; x_wconf 90' lang='lat' dir='ltr'>divinum</span> <span class='ocrx_word' id='word_1_57' title='bbox 1055 1199 1211 1273; x_wconf 86' lang='lat' dir='ltr'>pensum</span> <span class='ocrx_word' id='word_1_58' title='bbox 1235 1176 1308 1251; x_wconf 90' lang='lat' dir='ltr'>sibi</span> <span class='ocrx_word' id='word_1_59' title='bbox 1334 1181 1504 1257; x_wconf 88' lang='lat' dir='ltr'>decimas</span> <span class='ocrx_word' id='word_1_60' title='bbox 1521 1186 1662 1261; x_wconf 88' lang='lat' dir='ltr'>solven·</span> 
     </span>
     <span class='ocr_line' id='line_1_9' title="bbox 368 1281 1659 1380; baseline 0.005 -24"><span class='ocrx_word' id='word_1_61' title='bbox 368 1282 442 1358; x_wconf 76' lang='lat' dir='ltr'>dos</span> <span class='ocrx_word' id='word_1_62' title='bbox 466 1284 628 1358; x_wconf 83' lang='lat' dir='ltr'>duxerit.</span> <span class='ocrx_word' id='word_1_63' title='bbox 659 1284 806 1357; x_wconf 82' lang='lat' dir='ltr'>Adhaec</span> <span class='ocrx_word' id='word_1_64' title='bbox 837 1304 957 1378; x_wconf 89' lang='lat' dir='ltr'>neque</span> <span class='ocrx_word' id='word_1_65' title='bbox 972 1281 1187 1355; x_wconf 84' lang='lat' dir='ltr'>Mosaicum</span> <span class='ocrx_word' id='word_1_66' title='bbox 1210 1300 1441 1378; x_wconf 72' lang='lat' dir='ltr'>preceptum</span> <span class='ocrx_word' id='word_1_67' title='bbox 1478 1287 1580 1380; x_wconf 85' lang='lat' dir='ltr'>prius</span> <span class='ocrx_word' id='word_1_68' title='bbox 1597 1290 1659 1364; x_wconf 86' lang='lat' dir='ltr'>int-</span> 
     </span>
     <span class='ocr_line' id='line_1_10' title="bbox 374 1383 1664 1483; baseline 0.006 -25"><span class='ocrx_word' id='word_1_69' title='bbox 374 1385 520 1481; x_wconf 87' lang='lat' dir='ltr'>pletum</span> <span class='ocrx_word' id='word_1_70' title='bbox 545 1404 787 1483; x_wconf 83' lang='lat' dir='ltr'><strong>spectamus,</strong></span> <span class='ocrx_word' id='word_1_71' title='bbox 809 1407 920 1481; x_wconf 90' lang='lat' dir='ltr'>quam</span> <span class='ocrx_word' id='word_1_72' title='bbox 942 1397 1029 1478; x_wconf 90' lang='lat' dir='ltr'>post</span> <span class='ocrx_word' id='word_1_73' title='bbox 1046 1385 1273 1479; x_wconf 77' lang='lat' dir='ltr'>adquisitam</span> <span class='ocrx_word' id='word_1_74' title='bbox 1292 1383 1340 1458; x_wconf 88' lang='lat' dir='ltr'>ab</span> <span class='ocrx_word' id='word_1_75' title='bbox 1357 1387 1534 1460; x_wconf 83' lang='lat' dir='ltr'>Israelitis</span> <span class='ocrx_word' id='word_1_76' title='bbox 1555 1404 1664 1466; x_wconf 82' lang='lat' dir='ltr'>terrae</span> 
     </span>
     <span class='ocr_line' id='line_1_11' title="bbox 371 1485 1663 1586; baseline 0.004 -25"><span class='ocrx_word' id='word_1_77' title='bbox 371 1488 570 1582; x_wconf 84' lang='lat' dir='ltr'>promissae</span> <span class='ocrx_word' id='word_1_78' title='bbox 588 1488 786 1586; x_wconf 83' lang='lat' dir='ltr'>pacificam</span> <span class='ocrx_word' id='word_1_79' title='bbox 805 1488 1093 1584; x_wconf 87' lang='lat' dir='ltr'>possessionem.</span> <span class='ocrx_word' id='word_1_80' title='bbox 1111 1485 1195 1573; x_wconf 86' lang='lat' dir='ltr'>Qua</span> <span class='ocrx_word' id='word_1_81' title='bbox 1214 1487 1261 1558; x_wconf 92' lang='lat' dir='ltr'>de</span> <span class='ocrx_word' id='word_1_82' title='bbox 1279 1509 1320 1561; x_wconf 82' lang='lat' dir='ltr'>re</span> <span class='ocrx_word' id='word_1_83' title='bbox 1338 1486 1536 1581; x_wconf 86' lang='lat' dir='ltr'>probanda</span> <span class='ocrx_word' id='word_1_84' title='bbox 1555 1493 1663 1567; x_wconf 90' lang='lat' dir='ltr'>vide·</span> 
     </span>
     <span class='ocr_line' id='line_1_12' title="bbox 374 1588 1664 1685; baseline 0.004 -23"><span class='ocrx_word' id='word_1_85' title='bbox 374 1602 436 1663; x_wconf 82' lang='lat' dir='ltr'>tur</span> <span class='ocrx_word' id='word_1_86' title='bbox 456 1592 531 1666; x_wconf 89' lang='lat' dir='ltr'>hoc</span> <span class='ocrx_word' id='word_1_87' title='bbox 553 1593 588 1665; x_wconf 94' lang='lat' dir='ltr'>in</span> <span class='ocrx_word' id='word_1_88' title='bbox 615 1593 740 1685; x_wconf 85' lang='lat' dir='ltr'>capite</span> <span class='ocrx_word' id='word_1_89' title='bbox 752 1590 787 1664; x_wconf 90' lang='lat' dir='ltr'>S.</span> <span class='ocrx_word' id='word_1_90' title='bbox 798 1591 956 1662; x_wconf 90' lang='lat' dir='ltr'>Thomae</span> <span class='ocrx_word' id='word_1_91' title='bbox 977 1588 1193 1677; x_wconf 82' lang='lat' dir='ltr'>sententio,</span> <span class='ocrx_word' id='word_1_92' title='bbox 1218 1590 1282 1685; x_wconf 93' lang='lat' dir='ltr'>qui</span> <span class='ocrx_word' id='word_1_93' title='bbox 1300 1589 1470 1665; x_wconf 77' lang='lat' dir='ltr'>Secunda</span> <span class='ocrx_word' id='word_1_94' title='bbox 1484 1591 1664 1673; x_wconf 73' lang='lat' dir='ltr'>Secunda</span> 
     </span>
     <span class='ocr_line' id='line_1_13' title="bbox 374 1688 1663 1789; baseline 0.004 -22"><span class='ocrx_word' id='word_1_95' title='bbox 374 1688 530 1789; x_wconf 75' lang='lat' dir='ltr'>9,th</span> <span class='ocrx_word' id='word_1_96' title='bbox 532 1693 575 1765; x_wconf 92' lang='lat' dir='ltr'><em>X</em></span> <span class='ocrx_word' id='word_1_97' title='bbox 580 1695 621 1767; x_wconf 87' lang='lat' dir='ltr'><em>X</em></span> <span class='ocrx_word' id='word_1_98' title='bbox 627 1693 674 1767; x_wconf 88' lang='lat' dir='ltr'><em>V</em></span> <span class='ocrx_word' id='word_1_99' title='bbox 678 1693 703 1766; x_wconf 96' lang='lat' dir='ltr'><em>I</em></span> <span class='ocrx_word' id='word_1_100' title='bbox 710 1696 733 1768; x_wconf 97' lang='lat' dir='ltr'><em>I</em></span> <span class='ocrx_word' id='word_1_101' title='bbox 743 1706 820 1765; x_wconf 84' lang='lat' dir='ltr'>art.</span> <span class='ocrx_word' id='word_1_102' title='bbox 848 1716 862 1764; x_wconf 86' lang='lat'><em>1</em></span> <span class='ocrx_word' id='word_1_103' title='bbox 882 1706 1013 1765; x_wconf 91' lang='lat' dir='ltr'>censet</span> <span class='ocrx_word' id='word_1_104' title='bbox 1045 1691 1170 1787; x_wconf 88' lang='lat' dir='ltr'>legem</span> <span class='ocrx_word' id='word_1_105' title='bbox 1202 1691 1436 1766; x_wconf 84' lang='lat' dir='ltr'>decimarum</span> <span class='ocrx_word' id='word_1_106' title='bbox 1460 1716 1505 1766; x_wconf 87' lang='lat' dir='ltr'>eo</span> <span class='ocrx_word' id='word_1_107' title='bbox 1528 1696 1663 1773; x_wconf 89' lang='lat' dir='ltr'>intuitu</span> 
     </span>
    </p>

    <p class='ocr_par' dir='ltr' id='par_1_2' title="bbox 342 1782 1698 4642">
     <span class='ocr_line' id='line_1_14' title="bbox 342 1782 1662 1894; baseline 0.007 -28"><span class='ocrx_word' id='word_1_108' title='bbox 342 1782 613 1889; x_wconf 72' lang='lat' dir='ltr'>spectatam,</span> <span class='ocrx_word' id='word_1_109' title='bbox 635 1819 707 1894; x_wconf 89' lang='lat' dir='ltr'>qua</span> <span class='ocrx_word' id='word_1_110' title='bbox 741 1794 891 1869; x_wconf 83' lang='lat' dir='ltr'>decima</span> <span class='ocrx_word' id='word_1_111' title='bbox 922 1794 1111 1883; x_wconf 87' lang='lat' dir='ltr'>fructuum</span> <span class='ocrx_word' id='word_1_112' title='bbox 1144 1809 1253 1866; x_wconf 84' lang='lat' dir='ltr'>terrae</span> <span class='ocrx_word' id='word_1_113' title='bbox 1273 1818 1359 1890; x_wconf 86' lang='lat' dir='ltr'>pars</span> <span class='ocrx_word' id='word_1_114' title='bbox 1382 1792 1560 1887; x_wconf 79' lang='lat' dir='ltr'>debetur,</span> <span class='ocrx_word' id='word_1_115' title='bbox 1579 1822 1662 1875; x_wconf 85' lang='lat' dir='ltr'>esse</span> 
     </span>
     <span class='ocr_line' id='line_1_15' title="bbox 371 1893 1661 1995; baseline 0.006 -26"><span class='ocrx_word' id='word_1_116' title='bbox 371 1897 530 1972; x_wconf 90' lang='lat' dir='ltr'>omnino</span> <span class='ocrx_word' id='word_1_117' title='bbox 547 1899 750 1995; x_wconf 76' lang='lat' dir='ltr'>positivam</span> <span class='ocrx_word' id='word_1_118' title='bbox 769 1953 782 1986; x_wconf 89' lang='lat'><strong>‚</strong></span> <span class='ocrx_word' id='word_1_119' title='bbox 803 1920 850 1971; x_wconf 88' lang='lat' dir='ltr'>ac</span> <span class='ocrx_word' id='word_1_120' title='bbox 872 1896 1118 1988; x_wconf 76' lang='lat' dir='ltr'>iudicialem,</span> <span class='ocrx_word' id='word_1_121' title='bbox 1145 1917 1226 1992; x_wconf 83' lang='lat' dir='ltr'>quae</span> <span class='ocrx_word' id='word_1_122' title='bbox 1243 1893 1384 1970; x_wconf 86' lang='lat' dir='ltr'>Christi</span> <span class='ocrx_word' id='word_1_123' title='bbox 1401 1901 1566 1976; x_wconf 86' lang='lat' dir='ltr'>adventu</span> <span class='ocrx_word' id='word_1_124' title='bbox 1585 1926 1661 1977; x_wconf 84' lang='lat' dir='ltr'>ces</span> 
     </span>
     <span class='ocr_line' id='line_1_16' title="bbox 372 1998 1656 2096; baseline -0.002 -25"><span class='ocrx_word' id='word_1_125' title='bbox 372 2000 470 2074; x_wconf 83' lang='lat' dir='ltr'>savit</span> <span class='ocrx_word' id='word_1_126' title='bbox 487 2024 500 2091; x_wconf 75' lang='grc' dir='ltr'>ς</span> <span class='ocrx_word' id='word_1_127' title='bbox 528 2015 569 2084; x_wconf 79' lang='lat' dir='ltr'>ot</span> <span class='ocrx_word' id='word_1_128' title='bbox 582 2009 707 2096; x_wconf 86' lang='lat' dir='ltr'>&#39;porro</span> <span class='ocrx_word' id='word_1_129' title='bbox 727 2022 784 2073; x_wconf 87' lang='lat' dir='ltr'>ea</span> <span class='ocrx_word' id='word_1_130' title='bbox 817 1998 991 2087; x_wconf 84' lang='lat' dir='ltr'>ratione,</span> <span class='ocrx_word' id='word_1_131' title='bbox 1019 2020 1092 2094; x_wconf 86' lang='lat' dir='ltr'>qua</span> <span class='ocrx_word' id='word_1_132' title='bbox 1116 1998 1197 2083; x_wconf 82' lang='lat' dir='ltr'>eis,</span> <span class='ocrx_word' id='word_1_133' title='bbox 1217 1998 1282 2093; x_wconf 91' lang='lat' dir='ltr'>qui</span> <span class='ocrx_word' id='word_1_134' title='bbox 1302 2000 1434 2072; x_wconf 86' lang='lat' dir='ltr'>divino</span> <span class='ocrx_word' id='word_1_135' title='bbox 1452 2004 1570 2075; x_wconf 89' lang='lat' dir='ltr'>cultui</span> <span class='ocrx_word' id='word_1_136' title='bbox 1588 2007 1656 2078; x_wconf 92' lang='lat' dir='ltr'>mi.</span> 
     </span>
     <span class='ocr_line' id='line_1_17' title="bbox 370 2099 1655 2205; baseline 0.005 -32"><span class='ocrx_word' id='word_1_137' title='bbox 370 2100 530 2177; x_wconf 86' lang='lat' dir='ltr'>nistrant</span> <span class='ocrx_word' id='word_1_138' title='bbox 562 2105 611 2177; x_wconf 84' lang='lat' dir='ltr'>ad</span> <span class='ocrx_word' id='word_1_139' title='bbox 642 2103 771 2199; x_wconf 89' lang='lat' dir='ltr'>populi</span> <span class='ocrx_word' id='word_1_140' title='bbox 799 2101 913 2174; x_wconf 92' lang='lat' dir='ltr'>totius</span> <span class='ocrx_word' id='word_1_141' title='bbox 938 2103 1125 2186; x_wconf 82' lang='lat' dir='ltr'>salutem,</span> <span class='ocrx_word' id='word_1_142' title='bbox 1153 2099 1313 2193; x_wconf 88' lang='lat' dir='ltr'>populus</span> <span class='ocrx_word' id='word_1_143' title='bbox 1337 2100 1417 2205; x_wconf 82' lang='lat' dir='ltr'>ipse</span> <span class='ocrx_word' id='word_1_144' title='bbox 1439 2107 1655 2181; x_wconf 74' lang='lat' dir='ltr'>necessaria</span> 
     </span>
     <span class='ocr_line' id='line_1_18' title="bbox 372 2200 1656 2300; baseline 0.006 -24"><span class='ocrx_word' id='word_1_145' title='bbox 372 2203 458 2277; x_wconf 85' lang='lat' dir='ltr'>vitae</span> <span class='ocrx_word' id='word_1_146' title='bbox 490 2203 657 2279; x_wconf 85' lang='lat' dir='ltr'>subsidia</span> <span class='ocrx_word' id='word_1_147' title='bbox 690 2217 867 2300; x_wconf 83' lang='lat' dir='ltr'>praestet‚</span> <span class='ocrx_word' id='word_1_148' title='bbox 895 2202 978 2299; x_wconf 86' lang='lat' dir='ltr'>ipsa</span> <span class='ocrx_word' id='word_1_149' title='bbox 1007 2200 1170 2275; x_wconf 86' lang='lat' dir='ltr'>naturali</span> <span class='ocrx_word' id='word_1_150' title='bbox 1194 2200 1341 2277; x_wconf 85' lang='lat' dir='ltr'>ratione</span> <span class='ocrx_word' id='word_1_151' title='bbox 1370 2204 1530 2280; x_wconf 81' lang='lat' dir='ltr'>inditam</span> <span class='ocrx_word' id='word_1_152' title='bbox 1563 2230 1656 2284; x_wconf 91' lang='lat' dir='ltr'>esse.</span> 
     </span>
     <span class='ocr_line' id='line_1_19' title="bbox 371 2301 1659 2405; baseline 0.008 -29"><span class='ocrx_word' id='word_1_153' title='bbox 371 2304 466 2380; x_wconf 87' lang='lat' dir='ltr'>Haec</span> <span class='ocrx_word' id='word_1_154' title='bbox 489 2309 527 2381; x_wconf 82' lang='lat' dir='ltr'>S.</span> <span class='ocrx_word' id='word_1_155' title='bbox 544 2309 703 2381; x_wconf 88' lang='lat' dir='ltr'>Thomae</span> <span class='ocrx_word' id='word_1_156' title='bbox 726 2306 912 2380; x_wconf 81' lang='lat' dir='ltr'>sententia</span> <span class='ocrx_word' id='word_1_157' title='bbox 948 2301 1133 2379; x_wconf 90' lang='lat' dir='ltr'>concordi</span> <span class='ocrx_word' id='word_1_158' title='bbox 1146 2303 1462 2404; x_wconf 85' lang='lat' dir='ltr'>Theologorum‚</span> <span class='ocrx_word' id='word_1_159' title='bbox 1492 2327 1531 2383; x_wconf 92' lang='lat' dir='ltr'>et</span> <span class='ocrx_word' id='word_1_160' title='bbox 1557 2313 1659 2405; x_wconf 91' lang='lat' dir='ltr'>poli-</span> 
     </span>
     <span class='ocr_line' id='line_1_20' title="bbox 369 2406 1657 2510; baseline 0.007 -30"><span class='ocrx_word' id='word_1_161' title='bbox 369 2406 506 2482; x_wconf 86' lang='lat' dir='ltr'>tiorum</span> <span class='ocrx_word' id='word_1_162' title='bbox 521 2409 813 2486; x_wconf 85' lang='lat' dir='ltr'>Canonistarum</span> <span class='ocrx_word' id='word_1_163' title='bbox 843 2406 1024 2504; x_wconf 80' lang='lat' dir='ltr'>suffragio</span> <span class='ocrx_word' id='word_1_164' title='bbox 1052 2421 1205 2500; x_wconf 85' lang='lat' dir='ltr'>recepta</span> <span class='ocrx_word' id='word_1_165' title='bbox 1238 2423 1315 2480; x_wconf 89' lang='lat' dir='ltr'>est:</span> <span class='ocrx_word' id='word_1_166' title='bbox 1347 2406 1427 2509; x_wconf 83' lang='grc'>(**)</span> <span class='ocrx_word' id='word_1_167' title='bbox 1444 2428 1556 2510; x_wconf 87' lang='lat' dir='ltr'>atque</span> <span class='ocrx_word' id='word_1_168' title='bbox 1581 2417 1657 2490; x_wconf 91' lang='lat' dir='ltr'>hoc</span> 
     </span>
     <span class='ocr_line' id='line_1_21' title="bbox 364 2505 1653 2608; baseline 0.008 -27"><span class='ocrx_word' id='word_1_169' title='bbox 364 2505 406 2583; x_wconf 85' lang='lat' dir='ltr'>in</span> <span class='ocrx_word' id='word_1_170' title='bbox 442 2532 553 2586; x_wconf 88' lang='lat' dir='ltr'>sensu</span> <span class='ocrx_word' id='word_1_171' title='bbox 589 2511 845 2607; x_wconf 88' lang='lat' dir='ltr'>usurpandum</span> <span class='ocrx_word' id='word_1_172' title='bbox 875 2528 931 2583; x_wconf 89' lang='lat' dir='ltr'>est</span> <span class='ocrx_word' id='word_1_173' title='bbox 961 2509 1000 2580; x_wconf 90' lang='lat' dir='ltr'>id</span> <span class='ocrx_word' id='word_1_174' title='bbox 1036 2508 1139 2604; x_wconf 89' lang='lat' dir='ltr'>quod</span> <span class='ocrx_word' id='word_1_175' title='bbox 1167 2508 1306 2582; x_wconf 87' lang='lat' dir='ltr'>dicitur</span> <span class='ocrx_word' id='word_1_176' title='bbox 1337 2511 1374 2583; x_wconf 89' lang='lat' dir='ltr'>io</span> <span class='ocrx_word' id='word_1_177' title='bbox 1395 2511 1483 2608; x_wconf 86' lang='lat' dir='ltr'>Syn.</span> <span class='ocrx_word' id='word_1_178' title='bbox 1501 2514 1653 2591; x_wconf 89' lang='lat' dir='ltr'>Valent.</span> 
     </span>
     <span class='ocr_line' id='line_1_22' title="bbox 365 2607 1656 2709; baseline 0.003 -21"><span class='ocrx_word' id='word_1_179' title='bbox 365 2613 562 2709; x_wconf 76' lang='lat' dir='ltr'>·itn.1565-</span> <span class='ocrx_word' id='word_1_180' title='bbox 588 2611 758 2689; x_wconf 84' lang='lat' dir='ltr'>Sess.V</span> <span class='ocrx_word' id='word_1_181' title='bbox 777 2610 854 2687; x_wconf 81' lang='lat' dir='ltr'>Tit.</span> <span class='ocrx_word' id='word_1_182' title='bbox 873 2607 949 2686; x_wconf 92' lang='lat' dir='ltr'>IV</span> <span class='ocrx_word' id='word_1_183' title='bbox 971 2626 1054 2705; x_wconf 82' lang='lat' dir='ltr'>cap.</span> <span class='ocrx_word' id='word_1_184' title='bbox 1079 2607 1154 2699; x_wconf 85' lang='lat'>16,</span> <span class='ocrx_word' id='word_1_185' title='bbox 1187 2624 1225 2683; x_wconf 93' lang='lat' dir='ltr'>et</span> <span class='ocrx_word' id='word_1_186' title='bbox 1253 2610 1290 2683; x_wconf 90' lang='lat' dir='ltr'>in</span> <span class='ocrx_word' id='word_1_187' title='bbox 1315 2610 1482 2709; x_wconf 89' lang='lat' dir='ltr'>Compil.</span> <span class='ocrx_word' id='word_1_188' title='bbox 1516 2616 1656 2694; x_wconf 85' lang='lat' dir='ltr'><strong>Tarra·</strong></span> 
     </span>
     <span class='ocr_line' id='line_1_23' title="bbox 365 2712 1657 2813; baseline 0.005 -23"><span class='ocrx_word' id='word_1_189' title='bbox 365 2731 460 2790; x_wconf 84' lang='lat' dir='ltr'>con.</span> <span class='ocrx_word' id='word_1_190' title='bbox 491 2716 647 2792; x_wconf 75' lang='lat' dir='ltr'>LibJI</span> <span class='ocrx_word' id='word_1_191' title='bbox 652 2717 678 2790; x_wconf 93' lang='lat' dir='ltr'><em>I</em></span> <span class='ocrx_word' id='word_1_192' title='bbox 704 2714 783 2793; x_wconf 84' lang='lat' dir='ltr'>Tit.</span> <span class='ocrx_word' id='word_1_193' title='bbox 799 2712 980 2790; x_wconf 83' lang='lat' dir='ltr'><em>XVIII</em></span> <span class='ocrx_word' id='word_1_194' title='bbox 999 2732 1116 2809; x_wconf 59' lang='lat' dir='ltr'>cong</span> <span class='ocrx_word' id='word_1_195' title='bbox 1139 2713 1319 2788; x_wconf 85' lang='lat' dir='ltr'>nimirum</span> <span class='ocrx_word' id='word_1_196' title='bbox 1351 2717 1452 2813; x_wconf 88' lang='lat' dir='ltr'>quod</span> <span class='ocrx_word' id='word_1_197' title='bbox 1485 2720 1657 2796; x_wconf 89' lang='lat' dir='ltr'>decima-</span> 
     </span>
     <span class='ocr_line' id='line_1_24' title="bbox 373 2814 1655 2916; baseline 0.005 -24"><span class='ocrx_word' id='word_1_198' title='bbox 373 2839 457 2894; x_wconf 85' lang='lat' dir='ltr'>rum</span> <span class='ocrx_word' id='word_1_199' title='bbox 484 2819 623 2896; x_wconf 87' lang='lat' dir='ltr'>solutio</span> <span class='ocrx_word' id='word_1_200' title='bbox 649 2822 735 2914; x_wconf 89' lang='lat' dir='ltr'>jure</span> <span class='ocrx_word' id='word_1_201' title='bbox 761 2820 932 2910; x_wconf 84' lang='lat' dir='ltr'>Divino,</span> <span class='ocrx_word' id='word_1_202' title='bbox 957 2830 998 2891; x_wconf 93' lang='lat' dir='ltr'>et</span> <span class='ocrx_word' id='word_1_203' title='bbox 1025 2814 1303 2892; x_wconf 85' lang='lat' dir='ltr'>Ecclesiasticis</span> <span class='ocrx_word' id='word_1_204' title='bbox 1332 2816 1480 2915; x_wconf 83' lang='lat' dir='ltr'>legibus</span> <span class='ocrx_word' id='word_1_205' title='bbox 1516 2826 1655 2916; x_wconf 85' lang='lat' dir='ltr'>praeci-</span> 
     </span>
     <span class='ocr_line' id='line_1_25' title="bbox 366 2919 955 3016; baseline 0.005 -22"><span class='ocrx_word' id='word_1_206' title='bbox 366 2919 483 3016; x_wconf 61' lang='lat' dir='ltr'>pitur„</span> <span class='ocrx_word' id='word_1_207' title='bbox 503 2921 529 2971; x_wconf 86' lang='lat'><strong>*</strong></span> <span class='ocrx_word' id='word_1_208' title='bbox 953 2959 955 2966; x_wconf 95' lang='lat'>·</span> 
     </span>
     <span class='ocr_line' id='line_1_26' title="bbox 363 2918 1649 3124; baseline 0.007 -27"><span class='ocrx_word' id='word_1_209' title='bbox 363 3021 367 3124; x_wconf 45' lang='lat' dir='ltr'>j</span> <span class='ocrx_word' id='word_1_210' title='bbox 416 2918 634 3122; x_wconf 61' lang='lat' dir='ltr'>111.(2)Quid</span> <span class='ocrx_word' id='word_1_211' title='bbox 651 3023 753 3123; x_wconf 90' lang='lat' dir='ltr'>quod</span> <span class='ocrx_word' id='word_1_212' title='bbox 772 3045 841 3120; x_wconf 89' lang='lat' dir='ltr'>per</span> <span class='ocrx_word' id='word_1_213' title='bbox 855 3037 1017 3122; x_wconf 86' lang='lat' dir='ltr'>quatuor</span> <span class='ocrx_word' id='word_1_214' title='bbox 1038 3022 1166 3119; x_wconf 85' lang='lat' dir='ltr'>priora</span> <span class='ocrx_word' id='word_1_215' title='bbox 1179 3022 1362 3098; x_wconf 85' lang='lat' dir='ltr'>Ecclesiae</span> <span class='ocrx_word' id='word_1_216' title='bbox 1388 3026 1523 3101; x_wconf 87' lang='lat' dir='ltr'>saecula</span> <span class='ocrx_word' id='word_1_217' title='bbox 1545 3028 1649 3107; x_wconf 82' lang='lat' dir='ltr'>nulla</span> 
     </span>
     <span class='ocr_line' id='line_1_27' title="bbox 364 3124 1652 3218; baseline 0.009 -22"><span class='ocrx_word' id='word_1_218' title='bbox 364 3124 475 3218; x_wconf 81' lang='lat' dir='ltr'>&#39;paen&#39;e</span> <span class='ocrx_word' id='word_1_219' title='bbox 504 3127 671 3203; x_wconf 88' lang='lat' dir='ltr'>occurrit</span> <span class='ocrx_word' id='word_1_220' title='bbox 688 3127 922 3201; x_wconf 82' lang='lat' dir='ltr'>decimarum</span> <span class='ocrx_word' id='word_1_221' title='bbox 942 3124 1108 3199; x_wconf 68' lang='lat' dir='ltr'>mentio?</span> <span class='ocrx_word' id='word_1_222' title='bbox 1126 3126 1179 3201; x_wconf 87' lang='lat' dir='ltr'>ita</span> <span class='ocrx_word' id='word_1_223' title='bbox 1196 3150 1299 3202; x_wconf 87' lang='lat' dir='ltr'>sane.</span> <span class='ocrx_word' id='word_1_224' title='bbox 1312 3128 1439 3218; x_wconf 89' lang='lat' dir='ltr'>Quum</span> <span class='ocrx_word' id='word_1_225' title='bbox 1457 3131 1559 3205; x_wconf 89' lang='lat' dir='ltr'>enim</span> <span class='ocrx_word' id='word_1_226' title='bbox 1578 3134 1652 3208; x_wconf 87' lang='lat' dir='ltr'>fre·</span> 
     </span>
     <span class='ocr_line' id='line_1_28' title="bbox 358 3221 1652 3330; baseline 0.006 -30"><span class='ocrx_word' id='word_1_227' title='bbox 358 3221 648 3330; x_wconf 60' lang='lat' dir='ltr'>quentis-sim,</span> <span class='ocrx_word' id='word_1_228' title='bbox 678 3237 726 3306; x_wconf 81' lang='lat' dir='ltr'>ai:</span> <span class='ocrx_word' id='word_1_229' title='bbox 752 3231 841 3304; x_wconf 86' lang='lat' dir='ltr'>satis</span> <span class='ocrx_word' id='word_1_230' title='bbox 858 3230 1024 3324; x_wconf 85' lang='lat' dir='ltr'>copiosae</span> <span class='ocrx_word' id='word_1_231' title='bbox 1041 3226 1251 3303; x_wconf 85' lang='lat' dir='ltr'>oblationes</span> <span class='ocrx_word' id='word_1_232' title='bbox 1267 3247 1412 3317; x_wconf 81' lang='lat' dir='ltr'>essent,</span> <span class='ocrx_word' id='word_1_233' title='bbox 1426 3256 1517 3327; x_wconf 85' lang='lat' dir='ltr'>quas</span> <span class='ocrx_word' id='word_1_234' title='bbox 1534 3259 1652 3328; x_wconf 86' lang='lat' dir='ltr'>spon·</span> 
     </span>
     <span class='ocr_line' id='line_1_29' title="bbox 361 3328 1649 3427; baseline 0.011 -28"><span class='ocrx_word' id='word_1_235' title='bbox 361 3339 401 3399; x_wconf 92' lang='lat' dir='ltr'>te</span> <span class='ocrx_word' id='word_1_236' title='bbox 430 3331 759 3407; x_wconf 82' lang='lat' dir='ltr'>fidelesEcclesiae</span> <span class='ocrx_word' id='word_1_237' title='bbox 790 3328 1068 3416; x_wconf 82' lang='lat' dir='ltr'>conferebant,</span> <span class='ocrx_word' id='word_1_238' title='bbox 1099 3331 1191 3404; x_wconf 89' lang='lat' dir='ltr'>hinc</span> <span class='ocrx_word' id='word_1_239' title='bbox 1222 3331 1365 3405; x_wconf 90' lang='lat' dir='ltr'>nullum</span> <span class='ocrx_word' id='word_1_240' title='bbox 1398 3336 1567 3427; x_wconf 86' lang='lat' dir='ltr'>oportuit</span> <span class='ocrx_word' id='word_1_241' title='bbox 1599 3340 1649 3414; x_wconf 92' lang='lat' dir='ltr'>de</span> 
     </span>
     <span class='ocr_line' id='line_1_30' title="bbox 361 3429 1650 3530; baseline 0.012 -31"><span class='ocrx_word' id='word_1_242' title='bbox 361 3429 521 3505; x_wconf 85' lang='lat' dir='ltr'>decimis</span> <span class='ocrx_word' id='word_1_243' title='bbox 584 3450 622 3509; x_wconf 86' lang='lat' dir='ltr'>at</span> <span class='ocrx_word' id='word_1_244' title='bbox 648 3436 814 3509; x_wconf 83' lang='lat' dir='ltr'>ueadeo</span> <span class='ocrx_word' id='word_1_245' title='bbox 841 3455 961 3530; x_wconf 88' lang='lat' dir='ltr'>oeque</span> <span class='ocrx_word' id='word_1_246' title='bbox 978 3435 1026 3505; x_wconf 87' lang='lat' dir='ltr'>de</span> <span class='ocrx_word' id='word_1_247' title='bbox 1043 3430 1148 3506; x_wconf 87' lang='lat' dir='ltr'>victu</span> <span class='ocrx_word' id='word_1_248' title='bbox 1179 3433 1229 3506; x_wconf 85' lang='lat' dir='ltr'>ad</span> <span class='ocrx_word' id='word_1_249' title='bbox 1244 3431 1485 3509; x_wconf 88' lang='lat' dir='ltr'>Clericorum</span> <span class='ocrx_word' id='word_1_250' title='bbox 1513 3456 1650 3515; x_wconf 87' lang='lat' dir='ltr'>susten·</span> 
     </span>
     <span class='ocr_line' id='line_1_31' title="bbox 360 3461 1390 3631; baseline 0.008 -27"><span class='ocrx_word' id='word_1_251' title='bbox 360 3533 544 3609; x_wconf 84' lang='lat' dir='ltr'>tationem</span> <span class='ocrx_word' id='word_1_252' title='bbox 560 3461 733 3612; x_wconf 58' lang='lat' dir='ltr'>fideiibus</span> <span class='ocrx_word' id='word_1_253' title='bbox 754 3538 991 3631; x_wconf 83' lang='lat' dir='ltr'>praestaodo‚</span> <span class='ocrx_word' id='word_1_254' title='bbox 1007 3535 1122 3608; x_wconf 88' lang='lat' dir='ltr'>edere</span> <span class='ocrx_word' id='word_1_255' title='bbox 1137 3536 1390 3612; x_wconf 85' lang='lat' dir='ltr'>sanctionem.</span> 
     </span>
     <span class='ocr_line' id='line_1_32' title="bbox 358 3633 1647 3733; baseline 0.01 -26"><span class='ocrx_word' id='word_1_256' title='bbox 358 3666 362 3672; x_wconf 92' lang='lat'>·</span> <span class='ocrx_word' id='word_1_257' title='bbox 409 3633 476 3726; x_wconf 74' lang='lat' dir='ltr'>tv,</span> <span class='ocrx_word' id='word_1_258' title='bbox 504 3638 622 3710; x_wconf 74' lang='lat' dir='ltr'>Primi</span> <span class='ocrx_word' id='word_1_259' title='bbox 636 3639 735 3733; x_wconf 21' lang='lat' dir='ltr'>,lqui</span> <span class='ocrx_word' id='word_1_260' title='bbox 748 3639 984 3712; x_wconf 84' lang='lat' dir='ltr'>decimarum</span> <span class='ocrx_word' id='word_1_261' title='bbox 1002 3636 1244 3711; x_wconf 83' lang='lat' dir='ltr'>meminerint</span> <span class='ocrx_word' id='word_1_262' title='bbox 1257 3658 1342 3715; x_wconf 91' lang='lat' dir='ltr'>sunt</span> <span class='ocrx_word' id='word_1_263' title='bbox 1357 3642 1504 3717; x_wconf 82' lang='lat' dir='ltr'>Auctor</span> <span class='ocrx_word' id='word_1_264' title='bbox 1521 3643 1647 3720; x_wconf 90' lang='lat' dir='ltr'>Cons-</span> 
     </span>
     <span class='ocr_line' id='line_1_33' title="bbox 358 3731 1698 3844; baseline 0.01 -37"><span class='ocrx_word' id='word_1_265' title='bbox 358 3734 521 3809; x_wconf 68' lang='lat' dir='ltr'>titzz&#39;b.</span> <span class='ocrx_word' id='word_1_266' title='bbox 539 3737 650 3811; x_wconf 91' lang='lat' dir='ltr'>VII</span> <span class='ocrx_word' id='word_1_267' title='bbox 670 3731 853 3833; x_wconf 74' lang='lat' dir='ltr'>cap.·&#39;3o‚</span> <span class='ocrx_word' id='word_1_268' title='bbox 883 3735 1040 3812; x_wconf 83' lang='lat' dir='ltr'>Hieron.</span> <span class='ocrx_word' id='word_1_269' title='bbox 1069 3742 1108 3812; x_wconf 94' lang='lat' dir='ltr'>in</span> <span class='ocrx_word' id='word_1_270' title='bbox 1135 3741 1414 3837; x_wconf 75' lang='lat' dir='ltr'>malacueap.</span> <span class='ocrx_word' id='word_1_271' title='bbox 1430 3768 1482 3841; x_wconf 79' lang='lat'>3,</span> <span class='ocrx_word' id='word_1_272' title='bbox 1511 3746 1644 3844; x_wconf 84' lang='lat' dir='ltr'><strong>Chry·</strong></span> <span class='ocrx_word' id='word_1_273' title='bbox 1690 3777 1698 3788; x_wconf 63' lang='lat'><strong><em>‘</em></strong></span> 
     </span>
     <span class='ocr_line' id='line_1_34' title="bbox 355 3837 1644 3942; baseline 0.011 -33"><span class='ocrx_word' id='word_1_274' title='bbox 355 3842 449 3934; x_wconf 75' lang='lat' dir='ltr'>sost.</span> <span class='ocrx_word' id='word_1_275' title='bbox 466 3839 583 3912; x_wconf 85' lang='lat' dir='ltr'>Hom.¹</span> <span class='ocrx_word' id='word_1_276' title='bbox 596 3839 623 3911; x_wconf 93' lang='lat' dir='ltr'><em>I</em></span> <span class='ocrx_word' id='word_1_277' title='bbox 628 3838 654 3910; x_wconf 92' lang='lat' dir='ltr'><em>I</em></span> <span class='ocrx_word' id='word_1_278' title='bbox 660 3837 686 3910; x_wconf 94' lang='lat' dir='ltr'><em>I</em></span> <span class='ocrx_word' id='word_1_279' title='bbox 714 3842 751 3910; x_wconf 82' lang='lat' dir='ltr'>in</span> <span class='ocrx_word' id='word_1_280' title='bbox 770 3838 900 3933; x_wconf 77' lang='lat' dir='ltr'>Ept&#39;st.</span> <span class='ocrx_word' id='word_1_281' title='bbox 928 3843 978 3911; x_wconf 83' lang='lat' dir='ltr'>ad</span> <span class='ocrx_word' id='word_1_282' title='bbox 995 3841 1153 3937; x_wconf 76' lang='lat' dir='ltr'>Ephes,</span> <span class='ocrx_word' id='word_1_283' title='bbox 1183 3845 1271 3918; x_wconf 90' lang='lat' dir='ltr'>dein</span> <span class='ocrx_word' id='word_1_284' title='bbox 1301 3860 1343 3919; x_wconf 87' lang='lat' dir='ltr'>et</span> <span class='ocrx_word' id='word_1_285' title='bbox 1357 3849 1494 3942; x_wconf 82' lang='lat' dir='ltr'>Agust.</span> <span class='ocrx_word' id='word_1_286' title='bbox 1519 3852 1644 3923; x_wconf 84' lang='lat' dir='ltr'>Enar·</span> 
     </span>
     <span class='ocr_line' id='line_1_35' title="bbox 354 3938 1691 4046; baseline 0.015 -36"><span class='ocrx_word' id='word_1_287' title='bbox 354 3944 501 4015; x_wconf 83' lang='lat' dir='ltr'>ratione</span> <span class='ocrx_word' id='word_1_288' title='bbox 530 3947 567 4015; x_wconf 82' lang='lat' dir='ltr'>in</span> <span class='ocrx_word' id='word_1_289' title='bbox 593 3941 660 4015; x_wconf 87' lang='lat' dir='ltr'>Ps.</span> <span class='ocrx_word' id='word_1_290' title='bbox 686 3938 1019 4034; x_wconf 80' lang='lat' dir='ltr'>1&#39;46‚·Cassianus</span> <span class='ocrx_word' id='word_1_291' title='bbox 1046 3944 1139 4019; x_wconf 86' lang='lat' dir='ltr'><em>Coll.</em></span> <span class='ocrx_word' id='word_1_292' title='bbox 1156 3945 1304 4035; x_wconf 85' lang='lat' dir='ltr'><em>XIV,</em></span> <span class='ocrx_word' id='word_1_293' title='bbox 1333 3948 1472 4046; x_wconf 86' lang='lat' dir='ltr'>aliique</span> <span class='ocrx_word' id='word_1_294' title='bbox 1498 3949 1643 4030; x_wconf 82' lang='lat' dir='ltr'>Patres.</span> <span class='ocrx_word' id='word_1_295' title='bbox 1682 3989 1691 4030; x_wconf 62' lang='lat' dir='ltr'>t</span> 
     </span>
     <span class='ocr_line' id='line_1_36' title="bbox 351 4038 1641 4151; baseline 0.014 -37"><span class='ocrx_word' id='word_1_296' title='bbox 351 4038 486 4140; x_wconf 89' lang='lat' dir='ltr'>Neque</span> <span class='ocrx_word' id='word_1_297' title='bbox 510 4065 603 4117; x_wconf 89' lang='lat' dir='ltr'>veto</span> <span class='ocrx_word' id='word_1_298' title='bbox 628 4044 677 4116; x_wconf 93' lang='lat' dir='ltr'>de</span> <span class='ocrx_word' id='word_1_299' title='bbox 700 4043 861 4117; x_wconf 89' lang='lat' dir='ltr'>decimis</span> <span class='ocrx_word' id='word_1_300' title='bbox 892 4044 1124 4143; x_wconf 85' lang='lat' dir='ltr'>loquuntur,</span> <span class='ocrx_word' id='word_1_301' title='bbox 1154 4050 1217 4122; x_wconf 87' lang='lat' dir='ltr'>vel</span> <span class='ocrx_word' id='word_1_302' title='bbox 1241 4065 1423 4147; x_wconf 87' lang='lat' dir='ltr'>tanquam</span> <span class='ocrx_word' id='word_1_303' title='bbox 1448 4073 1641 4151; x_wconf 84' lang='lat' dir='ltr'>praecepto</span> 
     </span>
     <span class='ocr_line' id='line_1_37' title="bbox 349 4144 1640 4253; baseline 0.013 -35"><span class='ocrx_word' id='word_1_304' title='bbox 349 4144 480 4243; x_wconf 77' lang='lat' dir='ltr'>aliquo</span> <span class='ocrx_word' id='word_1_305' title='bbox 502 4145 663 4233; x_wconf 84' lang='lat' dir='ltr'>divino,</span> <span class='ocrx_word' id='word_1_306' title='bbox 690 4162 755 4220; x_wconf 89' lang='lat' dir='ltr'>aut</span> <span class='ocrx_word' id='word_1_307' title='bbox 781 4147 1042 4222; x_wconf 85' lang='lat' dir='ltr'>ecclesiastico</span> <span class='ocrx_word' id='word_1_308' title='bbox 1073 4152 1340 4242; x_wconf 78' lang='lat' dir='ltr'>conserendis,</span> <span class='ocrx_word' id='word_1_309' title='bbox 1371 4153 1434 4228; x_wconf 88' lang='lat' dir='ltr'>vel</span> <span class='ocrx_word' id='word_1_310' title='bbox 1460 4172 1640 4253; x_wconf 87' lang='lat' dir='ltr'>tanquam</span> 
     </span>
     <span class='ocr_line' id='line_1_38' title="bbox 349 4243 1638 4350; baseline 0.011 -30"><span class='ocrx_word' id='word_1_311' title='bbox 349 4243 495 4345; x_wconf 83' lang='lat' dir='ltr'>ubique</span> <span class='ocrx_word' id='word_1_312' title='bbox 516 4248 686 4350; x_wconf 84' lang='lat' dir='ltr'>gentium</span> <span class='ocrx_word' id='word_1_313' title='bbox 720 4248 897 4322; x_wconf 87' lang='lat' dir='ltr'>universe</span> <span class='ocrx_word' id='word_1_314' title='bbox 922 4252 1089 4325; x_wconf 86' lang='lat' dir='ltr'>conferri</span> <span class='ocrx_word' id='word_1_315' title='bbox 1115 4253 1247 4326; x_wconf 90' lang='lat' dir='ltr'>solitis.</span> <span class='ocrx_word' id='word_1_316' title='bbox 1273 4252 1347 4327; x_wconf 84' lang='lat' dir='ltr'>Sed</span> <span class='ocrx_word' id='word_1_317' title='bbox 1370 4257 1418 4329; x_wconf 92' lang='lat' dir='ltr'>de</span> <span class='ocrx_word' id='word_1_318' title='bbox 1445 4257 1487 4327; x_wconf 92' lang='lat' dir='ltr'>iis</span> <span class='ocrx_word' id='word_1_319' title='bbox 1510 4260 1638 4350; x_wconf 88' lang='lat' dir='ltr'>perin-</span> 
     </span>
     <span class='ocr_line' id='line_1_39' title="bbox 348 4345 1635 4453; baseline 0.012 -32"><span class='ocrx_word' id='word_1_320' title='bbox 348 4345 398 4423; x_wconf 89' lang='lat' dir='ltr'>de</span> <span class='ocrx_word' id='word_1_321' title='bbox 415 4346 533 4425; x_wconf 86' lang='lat' dir='ltr'>verba</span> <span class='ocrx_word' id='word_1_322' title='bbox 550 4349 692 4424; x_wconf 87' lang='lat' dir='ltr'>faciunt</span> <span class='ocrx_word' id='word_1_323' title='bbox 709 4405 721 4440; x_wconf 87' lang='lat'>‚</span> <span class='ocrx_word' id='word_1_324' title='bbox 750 4371 799 4425; x_wconf 78' lang='lat' dir='ltr'>ae</span> <span class='ocrx_word' id='word_1_325' title='bbox 825 4350 874 4425; x_wconf 94' lang='lat' dir='ltr'>de</span> <span class='ocrx_word' id='word_1_326' title='bbox 907 4353 1093 4427; x_wconf 88' lang='lat' dir='ltr'>solutione</span> <span class='ocrx_word' id='word_1_327' title='bbox 1109 4355 1347 4447; x_wconf 76' lang='lat' dir='ltr'>voluntaria,</span> <span class='ocrx_word' id='word_1_328' title='bbox 1361 4358 1410 4430; x_wconf 87' lang='lat' dir='ltr'>od</span> <span class='ocrx_word' id='word_1_329' title='bbox 1427 4379 1538 4453; x_wconf 86' lang='lat' dir='ltr'>quam</span> <span class='ocrx_word' id='word_1_330' title='bbox 1559 4364 1635 4439; x_wconf 89' lang='lat' dir='ltr'>He·</span> 
     </span>
     <span class='ocr_line' id='line_1_40' title="bbox 350 4444 1630 4562; baseline 0.011 -37"><span class='ocrx_word' id='word_1_331' title='bbox 350 4444 544 4532; x_wconf 85' lang='lat' dir='ltr'>braeorum</span> <span class='ocrx_word' id='word_1_332' title='bbox 574 4454 760 4552; x_wconf 76' lang='lat' dir='ltr'>exemplo,</span> <span class='ocrx_word' id='word_1_333' title='bbox 780 4454 944 4531; x_wconf 77' lang='lat' dir='ltr'>excitari</span> <span class='ocrx_word' id='word_1_334' title='bbox 970 4455 1178 4554; x_wconf 78' lang='lat' dir='ltr'>oportebat</span> <span class='ocrx_word' id='word_1_335' title='bbox 1191 4456 1351 4553; x_wconf 86' lang='lat' dir='ltr'>fideles,</span> <span class='ocrx_word' id='word_1_336' title='bbox 1380 4482 1496 4562; x_wconf 85' lang='lat' dir='ltr'>quum</span> <span class='ocrx_word' id='word_1_337' title='bbox 1515 4478 1630 4559; x_wconf 70' lang='lat' dir='ltr'>tepeo</span> 
     </span>
     <span class='ocr_line' id='line_1_41' title="bbox 1537 4588 1630 4642; baseline -0.011 0"><span class='ocrx_word' id='word_1_338' title='bbox 1537 4588 1630 4642; x_wconf 92' lang='lat' dir='ltr'>cen·</span> 
     </span>
    </p>
   </div>
   <div class='ocr_carea' id='block_1_2' title="bbox 0 0 2022 5275">
    <p class='ocr_par' dir='ltr' id='par_1_3' title="bbox 0 0 2022 5275">
     <span class='ocr_line' id='line_1_42' title="bbox 0 0 2022 5275; baseline 0 11"><span class='ocrx_word' id='word_1_339' title='bbox 0 0 2022 5275; x_wconf 95' lang='lat' dir='ltr'> </span> 
     </span>
    </p>
   </div>
  </div>
 </body>
</html>
