4034 5275
386 475 459 550 168
700 470 982 551 Institutionum
995 475 1261 558 Canonicarum

361 578 521 652 claravit
540 577 653 654 Sacra
668 577 927 676 Congregatio
941 580 1106 654 Concilii
1123 581 1224 676 apud
1244 580 1461 678 Feg'nanuin
1486 579 1535 656 ad
1552 579 1648 703 Cup.

339 679 470 756 ‚Nulli
497 700 517 774 ς
541 681 584 754 de
602 680 726 755 Rebus
743 684 887 756 noctes.
910 683 1020 756 alien.
1054 683 1153 757 Dein
1184 698 1320 774 praeter
1353 700 1572 759 contractus
1603 687 1647 760 ir·

363 783 608 874 ritationem,
639 807 751 881 quem
783 798 912 859 tamen
932 783 1113 858 Ecclesiae
1141 784 1274 857 utilem
1303 782 1508 879 probatum
1540 805 1647 882 pote.

359 886 409 958 rit
442 887 506 961 illa
535 905 659 959 ratum
689 886 857 974 habere,
889 888 1134 985 gravissimas
1167 886 1206 959 in
1235 887 1425 982 praedictae
1449 886 1649 964 Constitu·

359 988 471 1062 tionis
504 989 708 1064 violatores
739 943 876 1086 infligit
909 1012 1053 1084 poenas
1079 985 1158 1090 (**)
1174 990 1348 1063 Tandem
1368 989 1457 1086 Syn.
1471 991 1648 1066 Trident.

358 1092 464 1184 praef.
486 1091 591 1164 Sess.
606 1113 710 1165 mr
732 1089 824 1182 Ref.
837 1109 928 1185 onp.
926 1114 979 1164 ιι
1004 1091 1219 1180 decrevit,
1250 1093 1352 1188 quod
1381 1092 1582 1168 locationes
1612 1099 1647 1168 si

358 1195 581 1287 anticipatis
602 1193 842 1269 solutionibus
859 1195 984 1288 finnt,
1011 1195 1218 1266 nullatenus
1236 1192 1544 1293 inpraejudioinm
1561 1219 1647 1270 suce

332 1317 534 1370 wcestorum
561 1295 701 1369 uotioae
732 1298 826 1371 intel
825 1297 1005 1392 ligantur.
1034 1296 1137 1387 Quin
1169 1311 1206 1369 et
1225 1295 1384 1390 piissimi
1403 1296 1529 1394 Reges
1551 1318 1645 1373 nos·

359 1396 411 1469 tri
437 1398 531 1510 Lag.
547 1396 595 1468 V
599 1398 624 1471 I
631 1396 675 1488 I
707 1399 802 1470 etX
831 1397 909 1471 Tit.
924 1396 975 1471 II
1001 1397 1091 1472 Ltt.
1107 1398 1133 1468 I
1159 1395 1286 1481 Noun
1302 1395 1437 1493 Recop.
1465 1420 1555 1473 vasa
1585 1424 1646 1475 sn·

357 1521 453 1588 cra,
480 1501 519 1574 e't
543 1501 618 1575 alia
635 1453 813 1596 qiraelibet
828 1499 1008 1574 Ecclesiae
1032 1498 1207 1573 utensilia
1227 1521 1306 1572 non
1328 1500 1451 1574 solnm
1467 1503 1646 1591 vendere,

360 1602 427 1675 sed
449 1602 565 1678 etiam
593 1603 743 1698 pignori
774 1601 958 1695 subjicere
976 1616 1205 1690 vetuerunt,
1237 1624 1350 1695 poena
1366 1602 1499 1697 dupli,
1520 1618 1558 1678 et
1574 1628 1645 1678 aes-

356 1704 564 1777 timotionis
587 1705 768 1778 inflicta
759 1729 797 1777 ιιι
825 1727 915 1793 eos,
942 1705 1007 1801 qui
1030 1706 1089 1780 vel
1113 1704 1367 1801 negaverint,
1394 1707 1456 1778 vel
1487 1728 1562 1779 ιιοιι
1581 1707 1647 1782 de·

357 1806 523 1902 tegerint
555 1829 636 1879 rem
665 1805 996 1894 sibivenditam,
1019 1820 1084 1881 aut
1107 1808 1348 1902 pignoratam
1377 1806 1503 1879 fuisse.
1525 1808 1564 1880 Si
1582 1816 1667 1890 vel,-

357 1928 402 1979 ιο
438 1923 594 2003 propter
632 1904 722 1982 belli
757 1909 1003 1981 necesitatem
1046 1907 1250 2005 aliquando
1281 1908 1514 2005 contigerit,
1543 1911 1645 2027 quod

355 2030 446 2082 vasa
471 2032 608 2097 sacra,
636 2034 701 2084 seu
733 2011 899 2106 pretiosa
916 2009 1097 2084 Ecclesiae
1116 2007 1272 2083 mobilia
1290 2010 1415 2106 Reges
1443 2013 1646 2086 sumserint

301 2141 304 2145 ¹
355 2112 523 2201 utenda,
557 2116 633 2185 hoc
665 2129 792 2186 tameo
826 2135 914 2185 cum
943 2113 1189 2188 restitutionis
1222 2132 1291 2208 spe
1321 2112 1404 2186 fieri
1429 2113 1647 2192 declaravit

354 2213 554 2311 Joannes
537 2217 571 2288 ll
598 2215 688 2314 Le'g.
700 2215 727 2287 I
734 2214 776 2288 X
788 2209 926 2366 ibidst(
927 2210 991 2316 )
1603 2279 1606 2283 ,

634 2377 1069 2509 ¹‘l'lTULUS
1144 2414 1284 2490 XVII.

464 2663 466 2665 ·
582 2622 646 2701 De
662 2621 849 2716 Decimio,
863 2623 1129 2713 Primitiis,et
1142 2617 1414 2699 oblationibus.
1467 2677 1472 2691 .

382 2932 412 3007 l.
440 2872 571 3010 :inter
604 2932 820 3029 praecipuas
841 2926 1082 3005 Clericorum
1116 2927 1428 3025 prerogativasj
1430 2950 1492 3003 am
1516 2928 1606 3008 Lib
1622 2933 1650 3007 t
1665 3007 1668 3011 Α

353 3032 431 3107 Tit.
450 3036 584 3111 VIII
598 3042 661 3133 §.3
696 3035 802 3107 illam
830 3032 1115 3119 recensuimus
1144 3032 1300 3105 vivendi
1321 3029 1468 3105 scilicet
1497 3032 1546 3107 de
1570 3032 1645 3107 obt

352 3134 586 3227 lotionibus,
620 3136 814 3223 decimis,
845 3134 1051 3230 primitiis,
1071 3086 1229 3230 aliisque
1246 3135 1268 3207 i
1287 3135 1426 3229 populo
1444 3134 1546 3207 fideli
1564 3135 1643 3224 col·
1653 3199 1655 3204 ,

352 3238 438 3313 latis
466 3238 667 3313 subsidiis:
706 3240 747 3313 id
779 3238 880 3335 quod
919 3236 1082 3310 naturali
1117 3236 1256 3309 rationi
1295 3236 1518 3325 conforme,
1547 3217 1649 3334 legis

352 3342 561 3435 Mosaicae,
585 3342 757 3430 Christi,
785 3358 824 3414 et
841 3339 1113 3435 Apostolorum
1142 3338 1320 3438 exemplo
1347 3335 1643 3455 comprobatum

351 3444 444 3518 ibid
459 3444 820 3520 demonstravimus.
847 3443 965 3516 Porro
983 3444 1060 3514 duo
1080 3440 1143 3514 iric
1164 3454 1364 3534 supersunt
1392 3440 1547 3535 propius
1564 3442 1644 3516 dis·

353 3546 541 3619 cutienda.
566 3547 733 3619 Primum
775 3545 877 3619 unde
917 3544 1127 3637 repetenda
1147 3541 1383 3614 decimarum
1414 3541 1536 3639 origo.
1569 3543 1642 3617 Al

352 3664 475 3722 terum
508 3671 681 3745 quaenam
717 3648 830 3720 fuerit
860 3645 1014 3740 antiqua
1032 3642 1213 3716 Ecclesia
1242 3643 1500 3737 disciplinam
1518 3645 1644 3720 distri·

352 3749 507 3824 butione
535 3773 661 3825 rerum
694 3766 828 3845 sponte
859 3748 881 3821 i
912 3745 1087 3820 fidelibus
1101 3744 1286 3819 Ecclesia
1306 3745 1536 3826 oblatarum.
1558 3749 1640 3824 De·

350 3855 463 4019 nique
485 3877 606 3951 pauca
624 3854 673 3929 de
688 3851 872 3929 Primitiis
898 3846 1179 3925 subnectemus.
1210 3845 1300 3922 Sit
1288 3847 1403 3945 igitur
1424 3849 1557 3945 prime

765 4038 768 4042 ’
864 4054 928 4131 De
945 4054 1128 4129 Decimis.

402 4265 450 4339 il
478 4264 620 4338 Prima
617 4288 730 4363 ,qnae
753 4266 827 4338 hac
850 4263 898 4336 de
932 4282 973 4333 re
998 4259 1037 4333 in
1061 4281 1170 4333 sacro
1186 4256 1308 4335 veteri
1324 4256 1471 4335 Codice
1499 4282 1638 4337 occus-

271 4439 276 4453 ,
353 4385 441 4442 runt
459 4368 646 4464 vestigia,
673 4385 760 4441 sunt
776 4362 988 4440 Abrahumi
1004 4363 1172 4436 Decima
1192 4362 1214 4435 e
1243 4361 1428 4436 manubiis
1457 4364 1662 4439 omnibns·

354 4470 615 4630 devictorum
624 4469 800 4568 abipso
814 4489 960 4568 mgnum
977 4464 1180 4544 Sacerdoti
1188 4463 1495 4542 Melchisedecn
1491 4487 1654 4641 petrolus:

1598 4590 1622 4643 u
