<?xml version="1.0" encoding="UTF-8"?>
<!DOCTYPE html PUBLIC "-//W3C//DTD XHTML 1.0 Transitional//EN"
    "http://www.w3.org/TR/xhtml1/DTD/xhtml1-transitional.dtd">
<html xmlns="http://www.w3.org/1999/xhtml" xml:lang="en" lang="en">
 <head>
  <title>
</title>
<meta http-equiv="Content-Type" content="text/html;charset=utf-8" />
  <meta name='ocr-system' content='tesseract 3.04.00' />
  <meta name='ocr-capabilities' content='ocr_page ocr_carea ocr_par ocr_line ocrx_word'/>
</head>
<body>
  <div class='ocr_page' id='page_1' title='image "./institutionumca00selvgoog_0160.png"; bbox 0 0 4034 5275; ppageno 0'>
   <div class='ocr_carea' id='block_1_1' title="bbox 303 472 1767 3554">
    <p class='ocr_par' dir='ltr' id='par_1_1' title="bbox 416 472 1334 573">
     <span class='ocr_line' id='line_1_1' title="bbox 416 472 1334 573; baseline 0.004 -21"><span class='ocrx_word' id='word_1_1' title='bbox 416 477 494 573; x_wconf 67' lang='lat'>148</span> <span class='ocrx_word' id='word_1_2' title='bbox 755 472 1038 549; x_wconf 77' lang='lat' dir='ltr'><em>Institutionum</em></span> <span class='ocrx_word' id='word_1_3' title='bbox 1059 475 1334 556; x_wconf 74' lang='lat' dir='ltr'>&#39;Canonicnrum</span> 
     </span>
    </p>

    <p class='ocr_par' dir='ltr' id='par_1_2' title="bbox 395 579 1702 761">
     <span class='ocr_line' id='line_1_2' title="bbox 448 579 1702 681; baseline 0.013 -25"><span class='ocrx_word' id='word_1_4' title='bbox 448 607 472 678; x_wconf 91' lang='lat'>9</span> <span class='ocrx_word' id='word_1_5' title='bbox 498 580 685 656; x_wconf 82' lang='lat' dir='ltr'>Monachi</span> <span class='ocrx_word' id='word_1_6' title='bbox 712 579 853 654; x_wconf 79' lang='lat' dir='ltr'>mortui</span> <span class='ocrx_word' id='word_1_7' title='bbox 880 601 967 654; x_wconf 93' lang='lat' dir='ltr'>cum</span> <span class='ocrx_word' id='word_1_8' title='bbox 994 582 1169 675; x_wconf 88' lang='lat' dir='ltr'>peculio:</span> <span class='ocrx_word' id='word_1_9' title='bbox 1194 583 1289 681; x_wconf 86' lang='lat' dir='ltr'>Cap.</span> <span class='ocrx_word' id='word_1_10' title='bbox 1311 606 1362 678; x_wconf 71' lang='grc' dir='ltr'>α,</span> <span class='ocrx_word' id='word_1_11' title='bbox 1389 602 1429 662; x_wconf 82' lang='lat' dir='ltr'>et</span> <span class='ocrx_word' id='word_1_12' title='bbox 1451 587 1476 663; x_wconf 92' lang='lat'><strong>6</strong></span> <span class='ocrx_word' id='word_1_13' title='bbox 1498 587 1542 666; x_wconf 81' lang='lat' dir='ltr'>&#39;de</span> <span class='ocrx_word' id='word_1_14' title='bbox 1559 591 1702 672; x_wconf 17' lang='lat' dir='ltr'>Statu*</span> 
     </span>
     <span class='ocr_line' id='line_1_3' title="bbox 395 685 1175 761; baseline -0.008 0"><span class='ocrx_word' id='word_1_15' title='bbox 395 685 674 761; x_wconf 74' lang='lat' dir='ltr'>Monmhorum.</span> <span class='ocrx_word' id='word_1_16' title='bbox 1173 751 1175 755; x_wconf 86' lang='lat'>.</span> 
     </span>
    </p>

    <p class='ocr_par' dir='ltr' id='par_1_3' title="bbox 394 788 1688 1406">
     <span class='ocr_line' id='line_1_4' title="bbox 452 788 1685 886; baseline 0.004 -22"><span class='ocrx_word' id='word_1_17' title='bbox 452 813 497 864; x_wconf 89' lang='lat' dir='ltr'>ro</span> <span class='ocrx_word' id='word_1_18' title='bbox 528 792 691 864; x_wconf 89' lang='lat' dir='ltr'>Demum</span> <span class='ocrx_word' id='word_1_19' title='bbox 720 808 884 882; x_wconf 88' lang='lat' dir='ltr'>corpora</span> <span class='ocrx_word' id='word_1_20' title='bbox 913 807 1178 882; x_wconf 86' lang='lat' dir='ltr'>suspensorum</span> <span class='ocrx_word' id='word_1_21' title='bbox 1208 789 1245 861; x_wconf 88' lang='lat' dir='ltr'>in</span> <span class='ocrx_word' id='word_1_22' title='bbox 1278 788 1449 886; x_wconf 89' lang='lat' dir='ltr'>patibulo</span> <span class='ocrx_word' id='word_1_23' title='bbox 1475 794 1525 868; x_wconf 84' lang='lat' dir='ltr'>ad</span> <span class='ocrx_word' id='word_1_24' title='bbox 1554 817 1685 870; x_wconf 80' lang='lat' dir='ltr'>exem·</span> 
     </span>
     <span class='ocr_line' id='line_1_5' title="bbox 394 888 1684 991; baseline 0.004 -23"><span class='ocrx_word' id='word_1_25' title='bbox 394 894 532 991; x_wconf 84' lang='lat' dir='ltr'>plum,</span> <span class='ocrx_word' id='word_1_26' title='bbox 554 909 592 967; x_wconf 91' lang='lat' dir='ltr'>et</span> <span class='ocrx_word' id='word_1_27' title='bbox 619 907 804 965; x_wconf 87' lang='lat' dir='ltr'>terrorem</span> <span class='ocrx_word' id='word_1_28' title='bbox 830 888 991 962; x_wconf 87' lang='lat' dir='ltr'>aliorum</span> <span class='ocrx_word' id='word_1_29' title='bbox 1019 908 1175 964; x_wconf 88' lang='lat' dir='ltr'>manent</span> <span class='ocrx_word' id='word_1_30' title='bbox 1203 894 1418 990; x_wconf 83' lang='lat' dir='ltr'>insepulta,</span> <span class='ocrx_word' id='word_1_31' title='bbox 1447 913 1487 970; x_wconf 90' lang='lat' dir='ltr'>et</span> <span class='ocrx_word' id='word_1_32' title='bbox 1510 898 1684 974; x_wconf 90' lang='lat' dir='ltr'>omnium</span> 
     </span>
     <span class='ocr_line' id='line_1_6' title="bbox 398 990 1688 1090; baseline 0.002 -17"><span class='ocrx_word' id='word_1_33' title='bbox 398 997 517 1073; x_wconf 85' lang='lat' dir='ltr'>oculis</span> <span class='ocrx_word' id='word_1_34' title='bbox 535 995 707 1090; x_wconf 83' lang='lat' dir='ltr'>exposita</span> <span class='ocrx_word' id='word_1_35' title='bbox 725 993 749 1066; x_wconf 77' lang='lat' dir='ltr'>t</span> <span class='ocrx_word' id='word_1_36' title='bbox 764 990 915 1080; x_wconf 79' lang='lat' dir='ltr'>bestiis,</span> <span class='ocrx_word' id='word_1_37' title='bbox 931 1009 969 1066; x_wconf 87' lang='lat' dir='ltr'>et</span> <span class='ocrx_word' id='word_1_38' title='bbox 986 1014 1076 1068; x_wconf 87' lang='lat' dir='ltr'>aure</span> <span class='ocrx_word' id='word_1_39' title='bbox 1094 1000 1369 1072; x_wconf 87' lang='lat' dir='ltr'>consumenda.</span> <span class='ocrx_word' id='word_1_40' title='bbox 1387 997 1531 1074; x_wconf 86' lang='lat' dir='ltr'>Verum</span> <span class='ocrx_word' id='word_1_41' title='bbox 1550 1001 1587 1073; x_wconf 91' lang='lat' dir='ltr'>id</span> <span class='ocrx_word' id='word_1_42' title='bbox 1608 1022 1688 1075; x_wconf 91' lang='lat' dir='ltr'>non</span> 
     </span>
     <span class='ocr_line' id='line_1_7' title="bbox 397 1091 1684 1195; baseline 0.001 -19"><span class='ocrx_word' id='word_1_43' title='bbox 397 1114 445 1176; x_wconf 81' lang='lat' dir='ltr'>ex</span> <span class='ocrx_word' id='word_1_44' title='bbox 469 1097 648 1173; x_wconf 84' lang='lat' dir='ltr'>Ecclesiae</span> <span class='ocrx_word' id='word_1_45' title='bbox 670 1093 844 1194; x_wconf 82' lang='lat' dir='ltr'>legibus,</span> <span class='ocrx_word' id='word_1_46' title='bbox 867 1091 948 1195; x_wconf 81' lang='grc'>(**)</span> <span class='ocrx_word' id='word_1_47' title='bbox 972 1118 1053 1192; x_wconf 85' lang='lat' dir='ltr'>quae</span> <span class='ocrx_word' id='word_1_48' title='bbox 1075 1118 1251 1193; x_wconf 87' lang='lat' dir='ltr'>expresse</span> <span class='ocrx_word' id='word_1_49' title='bbox 1279 1095 1545 1195; x_wconf 78' lang='lat' dir='ltr'>suspensorum</span> <span class='ocrx_word' id='word_1_50' title='bbox 1568 1105 1684 1177; x_wconf 89' lang='lat' dir='ltr'>eada-</span> 
     </span>
     <span class='ocr_line' id='line_1_8' title="bbox 399 1198 1687 1303; baseline 0.001 -24"><span class='ocrx_word' id='word_1_51' title='bbox 399 1201 553 1279; x_wconf 90' lang='lat' dir='ltr'>veribus</span> <span class='ocrx_word' id='word_1_52' title='bbox 575 1201 808 1296; x_wconf 85' lang='lat' dir='ltr'>sepulturam</span> <span class='ocrx_word' id='word_1_53' title='bbox 835 1198 1055 1295; x_wconf 84' lang='lat' dir='ltr'>indulgent:</span> <span class='ocrx_word' id='word_1_54' title='bbox 1079 1200 1172 1293; x_wconf 84' lang='lat' dir='ltr'>Syn.</span> <span class='ocrx_word' id='word_1_55' title='bbox 1195 1201 1391 1278; x_wconf 88' lang='lat' dir='ltr'>Wormat.</span> <span class='ocrx_word' id='word_1_56' title='bbox 1410 1227 1471 1278; x_wconf 91' lang='lat' dir='ltr'>an.</span> <span class='ocrx_word' id='word_1_57' title='bbox 1495 1224 1571 1303; x_wconf 82' lang='lat'>772</span> <span class='ocrx_word' id='word_1_58' title='bbox 1589 1203 1687 1302; x_wconf 80' lang='lat' dir='ltr'>Cap.</span> 
     </span>
     <span class='ocr_line' id='line_1_9' title="bbox 396 1299 1684 1406; baseline 0.001 -24"><span class='ocrx_word' id='word_1_59' title='bbox 396 1305 441 1382; x_wconf 77' lang='lat' dir='ltr'>de</span> <span class='ocrx_word' id='word_1_60' title='bbox 465 1307 551 1394; x_wconf 83' lang='lat' dir='ltr'>his,</span> <span class='ocrx_word' id='word_1_61' title='bbox 575 1311 636 1398; x_wconf 85' lang='lat' dir='ltr'>qui</span> <span class='ocrx_word' id='word_1_62' title='bbox 664 1301 929 1395; x_wconf 81' lang='lat' dir='ltr'>suspenduntur</span> <span class='ocrx_word' id='word_1_63' title='bbox 952 1305 990 1373; x_wconf 85' lang='lat' dir='ltr'>in</span> <span class='ocrx_word' id='word_1_64' title='bbox 1008 1299 1221 1394; x_wconf 78' lang='lat' dir='ltr'>patibulis3</span> <span class='ocrx_word' id='word_1_65' title='bbox 1244 1299 1300 1406; x_wconf 73' lang='lat'>(²¹²)</span> <span class='ocrx_word' id='word_1_66' title='bbox 1323 1322 1361 1381; x_wconf 90' lang='lat' dir='ltr'>at</span> <span class='ocrx_word' id='word_1_67' title='bbox 1380 1311 1465 1400; x_wconf 90' lang='lat' dir='ltr'>jure</span> <span class='ocrx_word' id='word_1_68' title='bbox 1484 1309 1684 1383; x_wconf 87' lang='lat' dir='ltr'>Romano·</span> 
     </span>
    </p>

    <p class='ocr_par' dir='ltr' id='par_1_4' title="bbox 303 1401 1682 1506">
     <span class='ocr_line' id='line_1_10' title="bbox 303 1401 1682 1506; baseline 0.002 -23"><span class='ocrx_word' id='word_1_69' title='bbox 303 1495 306 1503; x_wconf 27' lang='lat'>¹</span> <span class='ocrx_word' id='word_1_70' title='bbox 396 1430 508 1483; x_wconf 79' lang='lat' dir='ltr'>num:</span> <span class='ocrx_word' id='word_1_71' title='bbox 545 1407 636 1500; x_wconf 66' lang='lat' dir='ltr'>Lep.</span> <span class='ocrx_word' id='word_1_72' title='bbox 666 1406 692 1479; x_wconf 90' lang='grc' dir='ltr'><em>Ι</em></span> <span class='ocrx_word' id='word_1_73' title='bbox 720 1403 830 1506; x_wconf 56' lang='lat' dir='ltr'>9²⁸3·ss</span> <span class='ocrx_word' id='word_1_74' title='bbox 848 1401 891 1476; x_wconf 76' lang='lat' dir='ltr'>dn</span> <span class='ocrx_word' id='word_1_75' title='bbox 913 1401 1109 1478; x_wconf 74' lang='lat' dir='ltr'>Cadaver.</span> <span class='ocrx_word' id='word_1_76' title='bbox 1133 1411 1352 1499; x_wconf 83' lang='lat' dir='ltr'>punitorum.</span> <span class='ocrx_word' id='word_1_77' title='bbox 1384 1404 1610 1501; x_wconf 90' lang='lat' dir='ltr'>Quinimmo</span> <span class='ocrx_word' id='word_1_78' title='bbox 1632 1433 1682 1486; x_wconf 88' lang='lat' dir='ltr'>ex</span> 
     </span>
    </p>

    <p class='ocr_par' dir='ltr' id='par_1_5' title="bbox 341 1504 1749 2430">
     <span class='ocr_line' id='line_1_11' title="bbox 341 1504 1684 1609; baseline 0.002 -23"><span class='ocrx_word' id='word_1_79' title='bbox 341 1565 344 1569; x_wconf 88' lang='lat'><em>-</em></span> <span class='ocrx_word' id='word_1_80' title='bbox 395 1513 489 1609; x_wconf 79' lang='lat' dir='ltr'>Lag.</span> <span class='ocrx_word' id='word_1_81' title='bbox 515 1511 562 1585; x_wconf 90' lang='lat' dir='ltr'>ll</span> <span class='ocrx_word' id='word_1_82' title='bbox 581 1509 672 1582; x_wconf 82' lang='lat' dir='ltr'><em>ibid.</em></span> <span class='ocrx_word' id='word_1_83' title='bbox 697 1504 956 1605; x_wconf 85' lang='lat' dir='ltr'>requirebatur</span> <span class='ocrx_word' id='word_1_84' title='bbox 985 1507 1143 1581; x_wconf 90' lang='lat' dir='ltr'>omnino</span> <span class='ocrx_word' id='word_1_85' title='bbox 1172 1532 1375 1584; x_wconf 90' lang='lat' dir='ltr'>consensus</span> <span class='ocrx_word' id='word_1_86' title='bbox 1397 1512 1610 1608; x_wconf 83' lang='lat' dir='ltr'>Principis,</span> <span class='ocrx_word' id='word_1_87' title='bbox 1638 1528 1684 1589; x_wconf 89' lang='lat' dir='ltr'>ut</span> 
     </span>
     <span class='ocr_line' id='line_1_12' title="bbox 398 1610 1687 1712; baseline 0 -23"><span class='ocrx_word' id='word_1_88' title='bbox 398 1613 550 1710; x_wconf 76' lang='lat' dir='ltr'>sepeliri</span> <span class='ocrx_word' id='word_1_89' title='bbox 579 1627 744 1708; x_wconf 88' lang='lat' dir='ltr'>possent.</span> <span class='ocrx_word' id='word_1_90' title='bbox 771 1610 914 1684; x_wconf 88' lang='lat' dir='ltr'>Verum</span> <span class='ocrx_word' id='word_1_91' title='bbox 943 1610 1178 1686; x_wconf 87' lang='lat' dir='ltr'>consuetudo</span> <span class='ocrx_word' id='word_1_92' title='bbox 1209 1612 1396 1701; x_wconf 82' lang='lat' dir='ltr'>invaluit,</span> <span class='ocrx_word' id='word_1_93' title='bbox 1427 1629 1467 1688; x_wconf 92' lang='lat' dir='ltr'>ut</span> <span class='ocrx_word' id='word_1_94' title='bbox 1498 1615 1519 1688; x_wconf 71' lang='lat' dir='ltr'>u</span> <span class='ocrx_word' id='word_1_95' title='bbox 1549 1615 1687 1712; x_wconf 84' lang='lat' dir='ltr'>Judiee</span> 
     </span>
     <span class='ocr_line' id='line_1_13' title="bbox 400 1710 1688 1815; baseline 0.002 -25"><span class='ocrx_word' id='word_1_96' title='bbox 400 1719 480 1812; x_wconf 88' lang='lat' dir='ltr'>peti</span> <span class='ocrx_word' id='word_1_97' title='bbox 513 1731 676 1812; x_wconf 90' lang='lat' dir='ltr'>possent.</span> <span class='ocrx_word' id='word_1_98' title='bbox 709 1714 834 1807; x_wconf 91' lang='lat' dir='ltr'>Neap.</span> <span class='ocrx_word' id='word_1_99' title='bbox 860 1713 915 1801; x_wconf 86' lang='lat' dir='ltr'>jus</span> <span class='ocrx_word' id='word_1_100' title='bbox 945 1710 1162 1785; x_wconf 87' lang='lat' dir='ltr'>Romanum</span> <span class='ocrx_word' id='word_1_101' title='bbox 1180 1717 1269 1789; x_wconf 88' lang='lat' dir='ltr'>·hac</span> <span class='ocrx_word' id='word_1_102' title='bbox 1299 1716 1337 1788; x_wconf 92' lang='lat' dir='ltr'>in</span> <span class='ocrx_word' id='word_1_103' title='bbox 1370 1739 1413 1790; x_wconf 51' lang='lat' dir='ltr'>re¹</span> <span class='ocrx_word' id='word_1_104' title='bbox 1433 1715 1613 1815; x_wconf 78' lang='lat' dir='ltr'>vigebat:</span> <span class='ocrx_word' id='word_1_105' title='bbox 1646 1732 1688 1793; x_wconf 88' lang='lat' dir='ltr'>at</span> 
     </span>
     <span class='ocr_line' id='line_1_14' title="bbox 401 1812 1687 1916; baseline 0.005 -25"><span class='ocrx_word' id='word_1_106' title='bbox 401 1821 540 1893; x_wconf 84' lang='lat' dir='ltr'>sensim</span> <span class='ocrx_word' id='word_1_107' title='bbox 570 1817 796 1890; x_wconf 84' lang='lat' dir='ltr'>factumest</span> <span class='ocrx_word' id='word_1_108' title='bbox 825 1812 990 1907; x_wconf 88' lang='lat' dir='ltr'>primum</span> <span class='ocrx_word' id='word_1_109' title='bbox 1019 1830 1060 1886; x_wconf 89' lang='lat' dir='ltr'>ut</span> <span class='ocrx_word' id='word_1_110' title='bbox 1091 1836 1222 1888; x_wconf 89' lang='lat' dir='ltr'>eorum</span> <span class='ocrx_word' id='word_1_111' title='bbox 1248 1839 1331 1892; x_wconf 89' lang='lat' dir='ltr'>ossa</span> <span class='ocrx_word' id='word_1_112' title='bbox 1359 1842 1406 1893; x_wconf 87' lang='lat' dir='ltr'>ex</span> <span class='ocrx_word' id='word_1_113' title='bbox 1437 1820 1525 1894; x_wconf 89' lang='lat' dir='ltr'>loco</span> <span class='ocrx_word' id='word_1_114' title='bbox 1557 1821 1687 1916; x_wconf 85' lang='lat' dir='ltr'>proia-</span> 
     </span>
     <span class='ocr_line' id='line_1_15' title="bbox 399 1913 1685 2016; baseline 0.002 -20"><span class='ocrx_word' id='word_1_115' title='bbox 399 1942 477 2009; x_wconf 83' lang='lat' dir='ltr'>oo,</span> <span class='ocrx_word' id='word_1_116' title='bbox 506 1919 571 1995; x_wconf 90' lang='lat' dir='ltr'>ubi</span> <span class='ocrx_word' id='word_1_117' title='bbox 590 1922 791 2013; x_wconf 78' lang='lat' dir='ltr'>jacerent,</span> <span class='ocrx_word' id='word_1_118' title='bbox 822 1913 880 1987; x_wconf 91' lang='lat' dir='ltr'>bis</span> <span class='ocrx_word' id='word_1_119' title='bbox 903 1914 941 1987; x_wconf 93' lang='lat' dir='ltr'>in</span> <span class='ocrx_word' id='word_1_120' title='bbox 967 1937 1067 1989; x_wconf 89' lang='lat' dir='ltr'>anno</span> <span class='ocrx_word' id='word_1_121' title='bbox 1097 1916 1368 2016; x_wconf 86' lang='lat' dir='ltr'>colligerentur</span> <span class='ocrx_word' id='word_1_122' title='bbox 1393 1924 1443 1997; x_wconf 89' lang='lat' dir='ltr'>ad</span> <span class='ocrx_word' id='word_1_123' title='bbox 1467 1923 1595 1998; x_wconf 89' lang='lat' dir='ltr'>locum</span> <span class='ocrx_word' id='word_1_124' title='bbox 1623 1944 1685 1998; x_wconf 83' lang='lat' dir='ltr'>sa·</span> 
     </span>
     <span class='ocr_line' id='line_1_16' title="bbox 399 2017 1749 2119; baseline 0 -19"><span class='ocrx_word' id='word_1_125' title='bbox 399 2047 507 2101; x_wconf 86' lang='lat' dir='ltr'>crum</span> <span class='ocrx_word' id='word_1_126' title='bbox 526 2022 703 2119; x_wconf 85' lang='lat' dir='ltr'>religioso</span> <span class='ocrx_word' id='word_1_127' title='bbox 721 2018 907 2094; x_wconf 86' lang='lat' dir='ltr'>comitatu</span> <span class='ocrx_word' id='word_1_128' title='bbox 924 2017 1151 2110; x_wconf 76' lang='lat' dir='ltr'>deferenda3</span> <span class='ocrx_word' id='word_1_129' title='bbox 1168 2022 1257 2096; x_wconf 91' lang='lat' dir='ltr'>dein</span> <span class='ocrx_word' id='word_1_130' title='bbox 1275 2027 1431 2100; x_wconf 87' lang='lat' dir='ltr'>tandem</span> <span class='ocrx_word' id='word_1_131' title='bbox 1450 2047 1533 2099; x_wconf 87' lang='lat' dir='ltr'>mos</span> <span class='ocrx_word' id='word_1_132' title='bbox 1549 2027 1687 2100; x_wconf 90' lang='lat' dir='ltr'>induc·</span> <span class='ocrx_word' id='word_1_133' title='bbox 1744 2096 1749 2100; x_wconf 84' lang='lat'><em>.</em></span> 
     </span>
     <span class='ocr_line' id='line_1_17' title="bbox 400 2116 1686 2216; baseline -0.001 -13"><span class='ocrx_word' id='word_1_134' title='bbox 400 2141 459 2203; x_wconf 88' lang='lat' dir='ltr'>tus</span> <span class='ocrx_word' id='word_1_135' title='bbox 475 2142 531 2202; x_wconf 87' lang='lat' dir='ltr'>est</span> <span class='ocrx_word' id='word_1_136' title='bbox 548 2123 623 2207; x_wconf 67' lang='lat' dir='ltr'>‚qut</span> <span class='ocrx_word' id='word_1_137' title='bbox 640 2124 769 2197; x_wconf 84' lang='lat' dir='ltr'>stat-im</span> <span class='ocrx_word' id='word_1_138' title='bbox 787 2121 808 2194; x_wconf 76' lang='grc' dir='ltr'>ὲ</span> <span class='ocrx_word' id='word_1_139' title='bbox 827 2116 998 2216; x_wconf 91' lang='lat' dir='ltr'>patibulo</span> <span class='ocrx_word' id='word_1_140' title='bbox 1016 2119 1145 2196; x_wconf 85' lang='lat' dir='ltr'>ablata</span> <span class='ocrx_word' id='word_1_141' title='bbox 1162 2124 1212 2197; x_wconf 88' lang='lat' dir='ltr'>ad</span> <span class='ocrx_word' id='word_1_142' title='bbox 1225 2125 1449 2200; x_wconf 81' lang='lat' dir='ltr'>¹Ecclesiam</span> <span class='ocrx_word' id='word_1_143' title='bbox 1465 2130 1686 2202; x_wconf 87' lang='lat' dir='ltr'>deferantur</span> 
     </span>
     <span class='ocr_line' id='line_1_18' title="bbox 400 2221 1686 2328; baseline -0.002 -24"><span class='ocrx_word' id='word_1_144' title='bbox 400 2229 648 2305; x_wconf 87' lang='lat' dir='ltr'>inhumanda·.</span> <span class='ocrx_word' id='word_1_145' title='bbox 671 2222 817 2328; x_wconf 81' lang='lat' dir='ltr'>(**)··ln</span> <span class='ocrx_word' id='word_1_146' title='bbox 842 2221 1027 2314; x_wconf 84' lang='lat' dir='ltr'>Hispania</span> <span class='ocrx_word' id='word_1_147' title='bbox 1043 2225 1103 2313; x_wconf 92' lang='lat' dir='ltr'>jus</span> <span class='ocrx_word' id='word_1_148' title='bbox 1126 2224 1341 2299; x_wconf 90' lang='lat' dir='ltr'>Romanum</span> <span class='ocrx_word' id='word_1_149' title='bbox 1367 2230 1431 2300; x_wconf 89' lang='lat' dir='ltr'>diu</span> <span class='ocrx_word' id='word_1_150' title='bbox 1459 2249 1606 2325; x_wconf 88' lang='lat' dir='ltr'>quoque</span> <span class='ocrx_word' id='word_1_151' title='bbox 1629 2231 1686 2302; x_wconf 90' lang='lat' dir='ltr'>vi·</span> 
     </span>
     <span class='ocr_line' id='line_1_19' title="bbox 401 2324 1687 2430; baseline -0.002 -24"><span class='ocrx_word' id='word_1_152' title='bbox 401 2334 525 2430; x_wconf 79' lang='lat' dir='ltr'>guisse</span> <span class='ocrx_word' id='word_1_153' title='bbox 543 2333 717 2416; x_wconf 77' lang='lat' dir='ltr'>videtur,</span> <span class='ocrx_word' id='word_1_154' title='bbox 739 2342 777 2402; x_wconf 90' lang='lat' dir='ltr'>et</span> <span class='ocrx_word' id='word_1_155' title='bbox 794 2325 1061 2400; x_wconf 86' lang='lat' dir='ltr'>confirmatum</span> <span class='ocrx_word' id='word_1_156' title='bbox 1078 2324 1195 2419; x_wconf 85' lang='lat' dir='ltr'>etiam</span> <span class='ocrx_word' id='word_1_157' title='bbox 1222 2326 1244 2401; x_wconf 77' lang='lat' dir='ltr'>ai</span> <span class='ocrx_word' id='word_1_158' title='bbox 1266 2327 1359 2425; x_wconf 90' lang='lat' dir='ltr'>Syn.</span> <span class='ocrx_word' id='word_1_159' title='bbox 1378 2329 1531 2402; x_wconf 85' lang='lat' dir='ltr'>Bracar.</span> <span class='ocrx_word' id='word_1_160' title='bbox 1549 2335 1564 2404; x_wconf 95' lang='lat' dir='ltr'>l</span> <span class='ocrx_word' id='word_1_161' title='bbox 1582 2329 1687 2404; x_wconf 89' lang='lat' dir='ltr'>laud.</span> 
     </span>
    </p>

    <p class='ocr_par' dir='ltr' id='par_1_6' title="bbox 308 2425 1767 3554">
     <span class='ocr_line' id='line_1_20' title="bbox 308 2425 1688 2530; baseline 0 -24"><span class='ocrx_word' id='word_1_162' title='bbox 308 2435 310 2438; x_wconf 80' lang='grc'><strong>’</strong></span> <span class='ocrx_word' id='word_1_163' title='bbox 361 2448 365 2453; x_wconf 84' lang='grc'><em>·</em></span> <span class='ocrx_word' id='word_1_164' title='bbox 403 2434 496 2530; x_wconf 82' lang='lat' dir='ltr'>Cap.</span> <span class='ocrx_word' id='word_1_165' title='bbox 520 2431 630 2507; x_wconf 86' lang='lat' dir='ltr'>XVI</span> <span class='ocrx_word' id='word_1_166' title='bbox 647 2431 740 2505; x_wconf 88' lang='lat' dir='ltr'>alias</span> <span class='ocrx_word' id='word_1_167' title='bbox 762 2430 855 2506; x_wconf 86' lang='lat' dir='ltr'>Can.</span> <span class='ocrx_word' id='word_1_168' title='bbox 874 2445 1037 2513; x_wconf 74' lang='lat' dir='ltr'>numu,</span> <span class='ocrx_word' id='word_1_169' title='bbox 1063 2425 1253 2525; x_wconf 89' lang='lat' dir='ltr'>iidemque</span> <span class='ocrx_word' id='word_1_170' title='bbox 1277 2452 1401 2505; x_wconf 89' lang='lat' dir='ltr'>mores</span> <span class='ocrx_word' id='word_1_171' title='bbox 1424 2431 1568 2514; x_wconf 88' lang='lat' dir='ltr'>inducti</span> <span class='ocrx_word' id='word_1_172' title='bbox 1586 2449 1688 2525; x_wconf 84' lang='lat' dir='ltr'>sunt,</span> 
     </span>
     <span class='ocr_line' id='line_1_21' title="bbox 402 2528 1688 2635; baseline -0.003 -22"><span class='ocrx_word' id='word_1_173' title='bbox 402 2536 610 2635; x_wconf 80' lang='lat' dir='ltr'>colligendi</span> <span class='ocrx_word' id='word_1_174' title='bbox 628 2534 685 2608; x_wconf 90' lang='lat' dir='ltr'>bis</span> <span class='ocrx_word' id='word_1_175' title='bbox 712 2536 748 2608; x_wconf 86' lang='lat' dir='ltr'>in</span> <span class='ocrx_word' id='word_1_176' title='bbox 769 2553 870 2605; x_wconf 87' lang='lat' dir='ltr'>anno</span> <span class='ocrx_word' id='word_1_177' title='bbox 886 2550 971 2601; x_wconf 92' lang='lat' dir='ltr'>ossa</span> <span class='ocrx_word' id='word_1_178' title='bbox 996 2528 1139 2602; x_wconf 88' lang='lat' dir='ltr'>ultimo·</span> <span class='ocrx_word' id='word_1_179' title='bbox 1159 2532 1347 2628; x_wconf 88' lang='lat' dir='ltr'>supplicio</span> <span class='ocrx_word' id='word_1_180' title='bbox 1367 2535 1607 2609; x_wconf 85' lang='lat' dir='ltr'>adfectorum</span> <span class='ocrx_word' id='word_1_181' title='bbox 1637 2538 1688 2618; x_wconf 76' lang='lat' dir='ltr'>ad</span> 
     </span>
     <span class='ocr_line' id='line_1_22' title="bbox 401 2630 1767 2735; baseline -0.005 -16"><span class='ocrx_word' id='word_1_182' title='bbox 401 2664 446 2719; x_wconf 89' lang='lat' dir='ltr'>ea</span> <span class='ocrx_word' id='word_1_183' title='bbox 471 2647 507 2716; x_wconf 91' lang='lat' dir='ltr'>in</span> <span class='ocrx_word' id='word_1_184' title='bbox 527 2644 614 2715; x_wconf 90' lang='lat' dir='ltr'>loco</span> <span class='ocrx_word' id='word_1_185' title='bbox 639 2661 748 2713; x_wconf 82' lang='lat' dir='ltr'>sacro</span> <span class='ocrx_word' id='word_1_186' title='bbox 776 2630 1019 2730; x_wconf 79' lang='lat' dir='ltr'>sepelienda3</span> <span class='ocrx_word' id='word_1_187' title='bbox 1042 2631 1129 2706; x_wconf 87' lang='lat' dir='ltr'>dein</span> <span class='ocrx_word' id='word_1_188' title='bbox 1153 2635 1301 2710; x_wconf 89' lang='lat' dir='ltr'>veroin</span> <span class='ocrx_word' id='word_1_189' title='bbox 1329 2650 1412 2710; x_wconf 89' lang='lat' dir='ltr'>toto</span> <span class='ocrx_word' id='word_1_190' title='bbox 1429 2638 1589 2735; x_wconf 85' lang='lat' dir='ltr'>Regn0‚</span> <span class='ocrx_word' id='word_1_191' title='bbox 1618 2657 1690 2713; x_wconf 52' lang='lat' dir='ltr'>ex*</span> <span class='ocrx_word' id='word_1_192' title='bbox 1761 2675 1767 2684; x_wconf 81' lang='lat'><strong>·</strong></span> 
     </span>
     <span class='ocr_line' id='line_1_23' title="bbox 403 2733 1688 2840; baseline -0.003 -20"><span class='ocrx_word' id='word_1_193' title='bbox 403 2761 516 2840; x_wconf 83' lang='lat' dir='ltr'>cepta</span> <span class='ocrx_word' id='word_1_194' title='bbox 554 2742 713 2817; x_wconf 84' lang='lat' dir='ltr'>civitate</span> <span class='ocrx_word' id='word_1_195' title='bbox 735 2736 941 2811; x_wconf 79' lang='lat' dir='ltr'>valentina</span> <span class='ocrx_word' id='word_1_196' title='bbox 975 2733 1022 2804; x_wconf 58' lang='lat' dir='ltr'>in*</span> <span class='ocrx_word' id='word_1_197' title='bbox 1044 2736 1270 2811; x_wconf 83' lang='lat' dir='ltr'>criminibus:</span> <span class='ocrx_word' id='word_1_198' title='bbox 1286 2738 1560 2829; x_wconf 80' lang='lat' dir='ltr'>atrocior-ibus,</span> <span class='ocrx_word' id='word_1_199' title='bbox 1585 2764 1688 2839; x_wconf 83' lang='lat' dir='ltr'>aeque</span> 
     </span>
     <span class='ocr_line' id='line_1_24' title="bbox 402 2834 1688 2938; baseline -0.003 -17"><span class='ocrx_word' id='word_1_200' title='bbox 402 2855 488 2922; x_wconf 84' lang='lat' dir='ltr'>trs&#39;us</span> <span class='ocrx_word' id='word_1_201' title='bbox 511 2844 698 2933; x_wconf 85' lang='lat' dir='ltr'>invaluit,</span> <span class='ocrx_word' id='word_1_202' title='bbox 727 2834 903 2915; x_wconf 80' lang='lat' dir='ltr'>trudendi</span> <span class='ocrx_word' id='word_1_203' title='bbox 926 2834 1062 2906; x_wconf 80' lang='lat' dir='ltr'>eadem</span> <span class='ocrx_word' id='word_1_204' title='bbox 1086 2837 1148 2910; x_wconf 90' lang='lat' dir='ltr'>die</span> <span class='ocrx_word' id='word_1_205' title='bbox 1170 2838 1447 2916; x_wconf 77' lang='lat' dir='ltr'>Ecclesiasticus</span> <span class='ocrx_word' id='word_1_206' title='bbox 1473 2843 1688 2938; x_wconf 56' lang='lat' dir='ltr'>sepulturam</span> 
     </span>
     <span class='ocr_line' id='line_1_25' title="bbox 401 2936 1687 3035; baseline -0.004 -10"><span class='ocrx_word' id='word_1_207' title='bbox 401 2960 442 3026; x_wconf 74' lang='lat' dir='ltr'>a&#39;t</span> <span class='ocrx_word' id='word_1_208' title='bbox 472 2949 627 3023; x_wconf 81' lang='lat' dir='ltr'>lieentia</span> <span class='ocrx_word' id='word_1_209' title='bbox 657 2945 686 3022; x_wconf 70' lang='lat' dir='ltr'>a,</span> <span class='ocrx_word' id='word_1_210' title='bbox 708 2942 976 3020; x_wconf 87' lang='lat' dir='ltr'>Gubernatore</span> <span class='ocrx_word' id='word_1_211' title='bbox 1008 2936 1120 3035; x_wconf 85' lang='lat' dir='ltr'>Regii</span> <span class='ocrx_word' id='word_1_212' title='bbox 1146 2940 1373 3017; x_wconf 89' lang='lat' dir='ltr'>Tribunalis·</span> <span class='ocrx_word' id='word_1_213' title='bbox 1393 2946 1444 3018; x_wconf 81' lang='lat' dir='ltr'>ad</span> <span class='ocrx_word' id='word_1_214' title='bbox 1471 2946 1687 3020; x_wconf 86' lang='lat' dir='ltr'>criminalia</span> 
     </span>
     <span class='ocr_line' id='line_1_26' title="bbox 401 3041 1688 3149; baseline -0.005 -22"><span class='ocrx_word' id='word_1_215' title='bbox 401 3051 601 3149; x_wconf 83' lang='lat' dir='ltr'>deputati,</span> <span class='ocrx_word' id='word_1_216' title='bbox 626 3048 687 3120; x_wconf 91' lang='lat' dir='ltr'>vel</span> <span class='ocrx_word' id='word_1_217' title='bbox 705 3047 728 3118; x_wconf 69' lang='grc' dir='ltr'><em>ὲ</em></span> <span class='ocrx_word' id='word_1_218' title='bbox 747 3045 879 3141; x_wconf 79' lang='lat' dir='ltr'>Judice</span> <span class='ocrx_word' id='word_1_219' title='bbox 905 3041 1133 3115; x_wconf 87' lang='lat' dir='ltr'>sententiam</span> <span class='ocrx_word' id='word_1_220' title='bbox 1157 3062 1412 3143; x_wconf 83' lang='lat' dir='ltr'>exsequente,</span> <span class='ocrx_word' id='word_1_221' title='bbox 1437 3045 1618 3120; x_wconf 86' lang='lat' dir='ltr'>obtenta:</span> <span class='ocrx_word' id='word_1_222' title='bbox 1646 3048 1688 3121; x_wconf 84' lang='lat' dir='ltr'>id</span> 
     </span>
     <span class='ocr_line' id='line_1_27' title="bbox 404 3143 1690 3256; baseline -0.005 -26"><span class='ocrx_word' id='word_1_223' title='bbox 404 3157 505 3256; x_wconf 91' lang='lat' dir='ltr'>quod</span> <span class='ocrx_word' id='word_1_224' title='bbox 528 3149 714 3226; x_wconf 85' lang='lat' dir='ltr'>hodierna</span> <span class='ocrx_word' id='word_1_225' title='bbox 739 3145 867 3241; x_wconf 76' lang='lat' dir='ltr'>psoris</span> <span class='ocrx_word' id='word_1_226' title='bbox 896 3156 1036 3246; x_wconf 82' lang='lat' dir='ltr'>servat.</span> <span class='ocrx_word' id='word_1_227' title='bbox 1053 3143 1238 3220; x_wconf 78' lang='lat' dir='ltr'>‘Tandem</span> <span class='ocrx_word' id='word_1_228' title='bbox 1263 3171 1306 3222; x_wconf 89' lang='lat' dir='ltr'>ea</span> <span class='ocrx_word' id='word_1_229' title='bbox 1337 3171 1602 3245; x_wconf 88' lang='lat' dir='ltr'>suspensorum</span> <span class='ocrx_word' id='word_1_230' title='bbox 1627 3172 1690 3224; x_wconf 57' lang='lat' dir='ltr'>ca⁴</span> 
     </span>
     <span class='ocr_line' id='line_1_28' title="bbox 403 3244 1688 3352; baseline -0.006 -17"><span class='ocrx_word' id='word_1_231' title='bbox 403 3262 572 3343; x_wconf 76' lang='lat' dir='ltr'>dovera,</span> <span class='ocrx_word' id='word_1_232' title='bbox 601 3253 758 3352; x_wconf 85' lang='lat' dir='ltr'>quorum</span> <span class='ocrx_word' id='word_1_233' title='bbox 783 3249 955 3339; x_wconf 79' lang='lat' dir='ltr'>discepto</span> <span class='ocrx_word' id='word_1_234' title='bbox 977 3244 1226 3323; x_wconf 76' lang='lat' dir='ltr'>membraad</span> <span class='ocrx_word' id='word_1_235' title='bbox 1250 3250 1403 3346; x_wconf 89' lang='lat' dir='ltr'>publica</span> <span class='ocrx_word' id='word_1_236' title='bbox 1430 3252 1576 3326; x_wconf 90' lang='lat' dir='ltr'>viarum</span> <span class='ocrx_word' id='word_1_237' title='bbox 1602 3251 1688 3327; x_wconf 81' lang='lat' dir='ltr'>loca</span> 
     </span>
     <span class='ocr_line' id='line_1_29' title="bbox 402 3347 1687 3458; baseline -0.009 -20"><span class='ocrx_word' id='word_1_238' title='bbox 402 3361 697 3458; x_wconf 82' lang='lat' dir='ltr'>appenduntur,</span> <span class='ocrx_word' id='word_1_239' title='bbox 721 3354 838 3426; x_wconf 90' lang='lat' dir='ltr'>semel</span> <span class='ocrx_word' id='word_1_240' title='bbox 862 3353 898 3425; x_wconf 89' lang='lat' dir='ltr'>in</span> <span class='ocrx_word' id='word_1_241' title='bbox 918 3368 1018 3417; x_wconf 90' lang='lat' dir='ltr'>anno</span> <span class='ocrx_word' id='word_1_242' title='bbox 1037 3347 1203 3427; x_wconf 84' lang='lat' dir='ltr'>Sabbato</span> <span class='ocrx_word' id='word_1_243' title='bbox 1220 3370 1309 3429; x_wconf 83' lang='lat' dir='ltr'>ante</span> <span class='ocrx_word' id='word_1_244' title='bbox 1334 3354 1578 3442; x_wconf 86' lang='lat' dir='ltr'>Dominicnm</span> <span class='ocrx_word' id='word_1_245' title='bbox 1600 3353 1687 3429; x_wconf 79' lang='lat' dir='ltr'>Pas·</span> 
     </span>
     <span class='ocr_line' id='line_1_30' title="bbox 404 3448 1170 3554; baseline -0.018 -16"><span class='ocrx_word' id='word_1_246' title='bbox 404 3465 519 3539; x_wconf 80' lang='lat' dir='ltr'>sionis</span> <span class='ocrx_word' id='word_1_247' title='bbox 544 3463 593 3536; x_wconf 86' lang='lat' dir='ltr'>ad</span> <span class='ocrx_word' id='word_1_248' title='bbox 615 3457 848 3554; x_wconf 82' lang='lat' dir='ltr'>sepulturum</span> <span class='ocrx_word' id='word_1_249' title='bbox 870 3450 1091 3529; x_wconf 85' lang='lat' dir='ltr'>efferuntur.</span> <span class='ocrx_word' id='word_1_250' title='bbox 1113 3448 1129 3554; x_wconf 92' lang='lat'><strong>(</strong></span> <span class='ocrx_word' id='word_1_251' title='bbox 1153 3450 1170 3553; x_wconf 94' lang='lat'>)</span> 
     </span>
    </p>
   </div>
   <div class='ocr_carea' id='block_1_2' title="bbox 638 3773 1134 3875">
    <p class='ocr_par' dir='ltr' id='par_1_7' title="bbox 638 3773 1344 3875">
     <span class='ocr_line' id='line_1_31' title="bbox 638 3773 1134 3875; baseline -0.017 0"><span class='ocrx_word' id='word_1_252' title='bbox 638 3819 640 3824; x_wconf 77' lang='grc'><strong><em>·</em></strong></span> <span class='ocrx_word' id='word_1_253' title='bbox 950 3773 1134 3875; x_wconf 51' lang='lat' dir='ltr'>seu</span> 
     </span>
    </p>
   </div>
   <div class='ocr_carea' id='block_1_3' title="bbox 0 0 2035 5275">
    <p class='ocr_par' dir='ltr' id='par_1_8' title="bbox 0 0 2035 5275">
     <span class='ocr_line' id='line_1_32' title="bbox 0 0 2035 5275; baseline 0 0"><span class='ocrx_word' id='word_1_254' title='bbox 0 0 2035 5275; x_wconf 95' lang='lat' dir='ltr'> </span> 
     </span>
    </p>
   </div>
  </div>
 </body>
</html>
