4034 5275
1488 444 1529 463 §a

459 489 536 587 184
751 486 1064 566 .”Ῑη3ηιαιῐοηιιηι
1077 486 1346 565 canonicarum

417 597 557 669 nedum
570 591 814 670 resrdentram
824 610 1148 691 perpetuamque
1162 613 1227 666 unt
1216 590 1421 667 Ecclesia
1438 586 1722 688 adligationem

415 719 648 793 exposcere,
678 699 750 772 sed
772 651 915 773 habere
948 697 1065 770 etiam
1097 696 1287 770 adnexam
1329 714 1459 768 curam
1486 694 1722 812 animarum,

415 823 501 898 qua
519 802 672 919 quidem
701 798 965 888 oblationum
1007 814 1072 874 aut
1098 798 1336 886 decimarum
1370 795 1607 895 perceptioni
1643 822 1719 874 ne-

414 904 578 978 cessario
604 904 865 999 respondent3
893 917 932 976 et
964 903 1118 1000 quidem
1153 923 1201 976 ex
1226 900 1397 992 justitia,
1426 896 1478 973 nb
1501 901 1719 996 quasicon·

413 1010 606 1095 tractum,
631 1004 695 1102 qui
727 1006 826 1079 inter
852 1005 981 1079 fideles
1000 1004 1172 1079 decimas
1202 1003 1425 1093 solventes,
1455 1017 1494 1077 et
1511 1000 1716 1083 Beneficia·

412 1107 489 1184 rins
506 1110 763 1206 percipientes
777 1098 1040 1209 mtercedrt(
1042 1103 1057 1208 )
1118 1106 1121 1111 ’
1229 1115 1232 1119 ’

690 1311 871 1409 Beneficii
886 1313 1155 1389 Ecclesiastico·
1172 1329 1235 1390 seta
1254 1314 1427 1390 essentia.

411 1554 422 1591 .·
462 1518 512 1594 V.
538 1519 756 1599 Canonistae
786 1519 955 1614 priorem
985 1518 1166 1594 Beneficii
1201 1521 1466 1615 acceptionem
1498 1519 1710 1596 retinentes

409 1620 504 1696 illud
536 1624 744 1697 definiunt:
772 1619 847 1716 Jus
865 1636 1076 1716 perpetuum
1099 1621 1332 1717 percipiendi
1347 1620 1506 1715 fructus
1530 1645 1578 1696 ex
1600 1622 1708 1699 bonis

408 1722 593 1800 Ecclesia
623 1739 780 1819 propter
818 1723 982 1820 officium
1021 1725 1221 1826 spirituale
1260 1728 1493 1799 auctoritare
1522 1725 1708 1801 Ecclesiae

406 1830 659 1903 constitutam.
689 1827 846 1908 Praestat
863 1826 993 1922 paucis
1015 1827 1182 1924 singulas
1198 1829 1306 1919 hujus
1323 1827 1553 1903 definitionis
1575 1843 1706 1973 partes

408 1931 673 2024 explanare.
696 1969 700 1977 ·

434 2031 526 2107 .Vl.
553 2029 630 2125 Jas
652 2043 890 2127 perpetuum,
924 2031 990 2104 sed
1008 2032 1059 2105 ad
1076 2030 1196 2106 vitam
1210 2031 1460 2108 Beneficiarii.
1477 2030 1581 2108 Sicut
1597 2033 1704 2109 enim

405 2130 578 2209 Clericus
612 2157 687 2208 non
720 2133 917 2207 ordinatur
947 2135 997 2208 ad
1032 2149 1206 2230 tempus,
1237 2137 1290 2209 ita
1322 2158 1394 2209 nec
1423 2135 1539 2209 alicui
1561 2135 1704 2211 Eccle-

405 2235 468 2309 siae
493 2238 549 2311 ad
566 2251 717 2330 tempus
734 2233 936 2310 addicitur.
953 2237 1079 2309 Porro
1096 2235 1406 2311 Ecclesiasticurn
1433 2237 1706 2331 ministerium,

404 2336 485 2411 sive
505 2337 684 2414 Ecclesiae
701 2336 817 2412 alicui
838 2337 1058 2426 addictio,
1055 2344 1113 2412 est'
1132 2337 1249 2412 veluti
1266 2337 1471 2425 Beneficii,
1497 2337 1578 2412 sive
1598 2339 1705 2436 Juris

403 2437 504 2513 illius
536 2441 837 2517 fundamentum.

453 2542 492 2617 :ll
495 2545 543 2620 ll
568 2545 694 2644 Atque
707 2543 803 2618 *hinc
823 2542 1043 2623 duo-ueluti
1071 2542 1279 2618 corollaria
1308 2542 1487 2617 deduces.
1520 2544 1703 2619 rMinis'·

403 2647 542 2732 terium
559 2647 870 2723 Ecclesiasticum
890 2670 977 2720 cum
995 2647 1188 2722 adnexo
1172 2669 1257 2740 Jnre
1276 2645 1518 2743 percipiendi
1539 2646 1700 2741 fructus,

402 2770 448 2822 ac
467 2751 713 2847 temporale
732 2751 848 2826 etad
864 2763 1000 2821 nutum
1018 2746 1267 2836 revocabile,
1291 2748 1447 2844 proprie
1463 2748 1699 2826 Beneficium

402 2850 479 2926 dici
511 2856 652 2952 nequit
684 2851 860 2928 cOfficia
887 2848 1119 2924 Claustralia
1151 2850 1374 2948 plerumque
1396 2849 1597 2947 Beneficia
1617 2873 1698 2929 non

402 2959 507 3043 ¹sunt,
526 2980 642 3055 quum
661 2950 1387 3051 'superiorumarbitrioadimipossint.
1631 3019 1640 3028 .

342 3126 345 3130 .
454 3055 559 3133 Vlll.
585 3054 819 3150 Percipierrdi
840 3054 999 3149 fructus
1031 3077 1078 3128 ex
1104 3053 1209 3129 bonis
1227 3055 1324 3129 Eacl
1322 3064 1427 3134 esiae.
1449 3056 1698 3135 nimirumex

400 3156 581 3235 Ecclesia
609 3158 744 3249 bonis,
776 3156 983 3300 dequibus
1013 3154 1270 3274 superioribus
1296 3158 1453 3234 titulis'
1436 3180 1537 3250 Janr
1548 3161 1698 3260 loquuti

401 3283 540 3340 sumus
645 3324 648 3330 .

402 3368 516 3441 -lX.
544 3366 705 3460 Propter
727 3360 914 3458 Officium
935 3362 1161 3458 spirituale:
1183 3324 1384 3440 Beneficia
1416 3362 1520 3437 enim
1555 3329 1699 3442 Eocle
1761 3449 1765 3453 ,

400 3467 552 3543 siastica
585 3469 722 3542 eodem
743 3484 898 3583 prorsus
930 3466 1066 3540 intuitu
1082 3465 1245 3539 Clericis
1262 3467 1508 3584 adsignata
1481 3455 1603 3541 voluit
1613 3468 1698 3545 Ec

400 3567 541 3657 clesia,
565 3590 640 3666 quo
674 3567 878 3664 antiquitus
896 3568 1030 3642 iisdem
1056 3590 1123 3663 per
1140 3567 1351 3666 Episcopos
1370 3594 1392 3643 a
1411 3548 1581 3659 lmenta,
1605 3570 1698 3648 sive

400 3671 590 3767 stipendia
621 3670 989 3767 suppeditabantur,
1019 3669 1224 3762 nimirum,
1251 3689 1293 3746 ut
1325 3696 1389 3771 qur
1380 3671 1531 3745 Altam
1558 3674 1695 3769 servit,

393 3775 448 3849 ‘de
465 3775 590 3849 Altari
614 3774 731 3848 vivat.
761 3774 810 3847 Et
837 3773 1013 3869 Synodus
1040 3772 1220 3848 Trident.·
1246 3774 1420 3851 Sessxxr
1440 3774 1532 3872 Res.
1550 3798 1696 3876 capa3:

398 3875 691 3971 Beneficia,·ait,
708 3878 759 3952 ad
772 3878 936 3950 divinum
953 3876 1115 3964 cultum,
1131 3891 1252 3971 atque
1269 3878 1545 3953 Ecclesiastico
1568 3882 1694 3953 munia

399 3976 557 4053 obeunda
574 3983 779 4074 constituta
794 3993 892 4064 sunt.
909 3978 1038 4069 Quare
1058 3980 1193 4058 merito
1208 3978 1437 4055 Beneficium
1455 3994 1615 4075 propter
1627 3983 1693 4056 of*

399 4080 500 4153 cium
518 4082 601 4155 dari
618 4083 767 4155 dicitur
810 4145 813 4152 .

449 4182 657 4277 lbOfficii
690 4184 905 4279 spiritualis
935 4185 1097 4259 nomine
1129 4183 1391 4282 intelliguntur
1420 4186 1692 4265 Sacramentu-

267 4280 271 4289 ’
397 4308 504 4362 rum
518 4288 827 4393 administratio,
858 4288 1063 4371 Missamm
1101 4286 1339 4378 celebratio,
1378 4290 1536 4388 aliaeque
1569 4313 1695 4368 sacrae

398 4387 639 4484 sanctiones,
669 4373 805 4486 q'uibus
828 4412 887 4465 ex
900 4392 1099 4486 primaeva
1106 4390 1342 4466 institutione
1358 4391 1615 4482 beneficiarii
1620 4395 1697 4468 nd

395 4493 643 4632 stringuntur.
672 4492 790 4569 Porro
809 4493 1009 4573 Officium
1031 4494 1176 4570 cunctis
1194 4492 1450 4578 Beneficiarits
1479 4515 1698 4572 commune

1628 4614 1690 4675 est
