4034 5275
706 509 823 590 Liber
850 515 917 590 lli
934 509 1081 591 Titulus
1104 511 1221 591 XXI.
1520 535 1596 616 209
1693 514 1697 525 '

336 619 410 697 tuit
435 612 610 718 lingonis
626 613 764 714 Capeti
789 618 935 714 pietas,
958 617 1099 714 dequo
1121 618 1159 690 in
1181 617 1332 715 Fragm.
1351 615 1464 691 Hist.
1481 621 1620 713 Aquit.
1674 662 1679 669 ·

335 720 436 820 apud
451 720 696 796 Dnshesnium
713 720 823 794 Tom.
842 718 895 795 lV
914 742 1000 816 pag.
1019 722 1094 793 80¹:
1115 720 1327 809 Ecclesiis,
1346 718 1619 796 Monosterir's·

337 844 404 922 que
421 824 490 926 jus
520 824 736 911 electionis,
761 835 800 897 et
826 819 971 896 reditus
992 824 1233 912 restituisse,
1260 841 1336 898 tum
1363 835 1402 895 et
1432 821 1619 898 dProce·

334 927 443 1002 ribus
466 928 620 1002 restitui
642 947 817 1015 curasse3
846 921 1073 1020 quamobrem
1097 924 1345 1001 aeclesias.
1368 925 1531 998 Amator
1551 925 1624 999 ad-

330 1024 500 1125 parianu
517 1027 614 1121 fnit.
639 1029 774 1101 Adhuc
801 1044 930 1102 tamen
954 1043 1232 1102 consueverunt
1259 1025 1464 1123 Episcopi,
1489 1029 1551 1102 vel
1570 1032 1620 1103 de

336 1130 465 1222 facto,
482 1131 544 1207 vel
563 1131 609 1203 R.
625 1128 817 1203 Pontificis
834 1128 1039 1204 accedente
1057 1151 1263 1219 consensu,
1280 1131 1406 1225 plures
1423 1129 1495 1204 sibi
1509 1152 1619 1206 com·
1717 1168 1730 1177 -

333 1235 536 1309 mendatas
554 1232 718 1308 retinere
739 1230 929 1306 Ecclesias
945 1286 961 1321 ,.
979 1232 1044 1307 vel
1064 1232 1323 1306 Monasteria:
1349 1247 1390 1307 at
1408 1255 1499 1309 vero
1518 1238 1622 1311 hanc

335 1328 501 1432 p'urioris
522 1334 799 1409 Ecclesiasticre
814 1333 1031 1429 disciplina
1054 1334 1343 1424 remissionem,
1371 1357 1456 1432 quae
1478 1337 1621 1411 identi-

338 1438 429 1512 dem
447 1428 586 1513 sensim
604 1434 823 1533 irrepebat,
842 1439 1075 1535 nimiumque
1093 1435 1201 1513 brevi
1224 1436 1509 1528 invalescebat,
1534 1441 1622 1535 plu-

338 1556 402 1615 ree
418 1534 470 1631 'R',
497 1534 698 1615 Pontifices
716 1540 896 1614 ¹evellere
922 1540 1052 1615 conati
1078 1555 1189 1625 sunt,
1218 1562 1264 1614 ac
1290 1536 1500 1635 prasertim
1527 1539 1620 1629 Cle·

338 1661 451 1717 mens
473 1642 508 1718 V
535 1640 777 1718 Extremi!
796 1644 895 1716 inter
916 1638 1047 1716 Coum.
1074 1641 1118 1716 de
1150 1641 1379 1716 Praebendr‘s.
1403 1642 1526 1717 Porro¹
1551 1664 1625 1717 ηο-ι

279 1780 283 1787 ·
337 1765 391 1821 va
413 1744 621 1844 eademque
643 1745 923 1842 gravis-exorta
944 1759 1002 1819 est
1023 1767 1161 1834 causa,
1180 1767 1249 1818 cur
1270 1742 1523 1819 Commendae.
1544 1769 1625 1821 non.

339 1849 609 1943 permittenda
632 1850 774 1937 modo,
798 1868 935 1923 verum·
959 1861 998 1921 et
1024 1847 1230 1942 probandae
1254 1848 1495 1922 viderentur:
1518 1850 1624 1923 scili·

340 1964 407 2024 cet
430 1949 549 2025 Terra
568 1965 700 2024 sancta
725 1951 862 2024 iterum
884 1949 934 2024 ab
958 1947 1173 2025 infidelibus
1202 1965 1415 2045 occupata,
1437 1966 1624 2046 opportus

275 2064 277 2068 “
341 2071 436 2126 num
461 2053 583 2128 visum
608 2067 691 2142 est,
718 2048 918 2146 Episcopis
936 2051 1026 2125 inde
1050 2051 1206 2143 ejectis,
1229 2051 1323 2125 alios
1344 2053 1380 2137 in
1400 2054 1536 2140 ltalia,
1557 2053 1631 2127 ali·-

342 2148 460 2253 bique
485 2157 762 2250 Episcopatus,
790 2153 812 2226 ὲ
842 2153 976 2250 quibus
1005 2168 1303 2228 sustentarentur
1331 2155 1625 2230 commendaret

342 2276 417 2354 qua
439 2279 552 2331 causa
574 2257 728 2355 quidem
750 2273 908 2354 urgente
931 2277 991 2330 res
1015 2255 1269 2352 improbanda
1292 2279 1368 2333 non
1399 2279 1506 2350 erat3
1534 2257 1628 2335 licet

345 2355 388 2432 id
413 2356 485 2434 n'ec
508 2361 649 2434 diutius
675 2359 909 2455 perduravit.
1084 2357 1087 2362 ’

355 2498 359 2505 ·
400 2461 452 2536 V.
478 2461 596 2535 Porro
622 2462 698 2535 alia
730 2461 910 2556 deinceps
934 2462 1024 2535 satis
1055 2462 1226 2557 speciosa
1250 2461 1509 2539 Commendas
1531 2463 1632 2539 elar-

343 2561 475 2661 giendi
505 2586 620 2639 causa
650 2562 865 2660 excogitata
896 2579 978 2635 esta
1007 2565 1240 2638 reformandi
1268 2565 1415 2639 scilicet
1444 2567 1628 2640 monasti&

347 2685 433 2740 cam
465 2666 707 2762 disciplinam
737 2666 774 2738 in
804 2661 973 2760 pluribus
992 2687 1108 2762 ¹aeque
1137 2667 1445 2764 Monachorum,
1474 2691 1520 2741 ac
1548 2666 1629 2743 Cal

345 2770 569 2843 nonicorum
590 2761 836 2866 Regulariuni
859 2769 1097 2856 monasteriis
1114 2768 1313 2864 dilapsam.
1331 2770 1481 2850 Revera
1498 2792 1566 2867 per
1584 2792 1633 2849 ea

348 2883 523 2967 tempora
545 2870 754 2958 Monachi,
781 2867 1042 2968 Canonicique
1069 2872 1287 2945 monastica
1301 2872 1496 2969 ,vitaque
1519 2897 1628 2948 com·

350 2973 476 3047 munis
500 2969 612 3046 'obliti
642 2973 827 3044 laicorum
858 2995 963 3046 rnore
990 2971 1201 3065 vivebant,
1230 2975 1319 3073 quin
1345 2991 1383 3049 et
1409 2975 1516 3049 laicis
1540 3000 1629 3075 gra·

351 3074 390 3151 vi
415 3091 524 3148 erant
546 3072 758 3148 offensioni.
779 3072 978 3162 Abbates,
1003 3091 1042 3149 et
1063 3076 1257 3174 Praepositi
1276 3075 1470 3152 Comitum
1493 3082 1631 3175 potius,-

282 3222 286 3228 -
354 3189 393 3248 et
418 3175 608 3250 Beronum
633 3178 752 3251 vitam
775 3193 959 3274 agentes,
982 3174 1083 3253 bona
1106 3181 1325 3255 monasterii
1355 3180 1633 3277 dilapidabant,

352 3298 636 3375 pauperumque
666 3277 936 3373 patrimonium
965 3281 1016 3351 ad
1049 3281 1177 3353 luxum
1205 3283 1410 3356 fovendum
1428 3336 1451 3373 ,„
1467 3284 1631 3359 familia·

352 3399 486 3474 resque
507 3379 691 3480 ditandos·
706 3377 995 3475 profundebant
1011 3379 1123 3454 Hanc
1149 3383 1249 3456 nacti
1269 3384 1508 3459 occasionem
1530 3385 1630 3461 Car·

353 3479 500 3554 dinales
516 3482 686 3585 ,aliique
710 3481 859 3556 Praelati
882 3483 1111 3563 monasteria
1135 3482 1201 3558 illa
1230 3482 1301 3560 sibi
1325 3489 1631 3567 commendanda
1724 3515 1728 3520 ·

353 3583 592 3677 postularunt
609 3586 655 3656 ad
676 3581 883 3658 eorundem
902 3584 1237 3677 reformationem,
1253 3604 1292 3663 et
1308 3590 1633 3672 instaurationem.

351 3685 436 3780 pAt
457 3684 579 3781 qnid?
602 3706 691 3755 num
712 3686 771 3757 his
789 3687 827 3758 in
851 3685 1159 3777 Commendam,
1187 3689 1356 3789 Regibus
1382 3694 1472 3789 ipsis
1493 3698 1631 3769 adsen»

352 3783 561 3871 tientibus,
585 3784 783 3878 elargitis,
808 3788 871 3859 vel
895 3789 972 3861 Dei
985 3795 1112 3866 cultus
1136 3794 1350 3881 restitutus,
1376 3796 1438 3869 vel
1463 3799 1633 3894 peregri·

305 3904 307 3909 ’
353 3886 414 3994 nis
440 3885 601 3982 hospitia
624 3901 782 3981 aperta,
805 3892 870 3962 vel
893 3912 1102 3986 pauperum
1125 3897 1284 4004 egestati
1306 3898 1530 3991 provisum?
1555 3901 1631 3993 vix,

351 4003 484 4065 turne
509 3989 777 4086 vix.quidem·:
806 3989 846 4064 id
870 3989 971 4091 quod
990 3993 1149 4088 eorum,
1178 3997 1313 4095 quibus
1334 3999 1374 4074 id
1398 4006 1627 4098 exsequendi

351 4111 487 4166 munus
502 4091 773 4167 demandatum
789 4094 1003 4186 erat,'vitio
1020 4097 1175 4174 tribuas.
1193 4100 1368 4177 Profecto
1386 4119 1424 4177 et
1442 4125 1634 4182 monaste*

351 4194 495 4267 rio'rum
520 4193 677 4268 aedificia
703 4194 742 4268 in
765 4200 911 4272 ruinam
936 4222 1084 4295 prona,
1111 4203 1309 4299 disciplina
1337 4208 1537 4302 superioris
1560 4208 1632 4284 ab*

352 4297 473 4369 sentia
497 4319 616 4391 quam.
639 4298 829 4373 laxissime
845 4354 861 4385 ,
879 4301 1028 4376 cellulae
1051 4303 1113 4378 vel
1139 4329 1225 4379 raro
1244 4305 1451 4395 habitatae,
1478 4312 1540 4384 vel
1562 4305 1635 4387 ha*

348 4392 513 4472 bitatore
529 4399 745 4490 destitutae,
762 4423 874 4499 quam
893 4404 1092 4480 evidenter
1109 4408 1371 4504 significabant
1386 4413 1643 4494 reformatio-³.
1714 4417 1722 4430 “

280 4539 283 4544 -
348 4500 406 4573 nis
437 4500 607 4578 'studium
629 4501 938 4597 pulcherrimum
969 4507 1082 4586 fuisse
1120 4528 1375 4608 praetextum,
1406 4537 1481 4614 quo
1513 4514 1624 4591 bonii

355 4633 358 4638 ·
1554 4637 1643 4687 mn·
