4034 5275
709 538 913 618 ziberll.
941 539 1088 617 Titulus
1109 536 1279 620 XXIV.
1543 563 1618 641 243

326 643 527 744 ¹cellaria
548 643 610 724 De
625 648 835 724 verisimili
854 647 992 722 notitia
1017 644 1195 742 evulgata
1218 658 1305 736 est;
1329 655 1403 744 q'ua
1429 643 1645 722 decernitur

361 749 488 835 irritas
520 748 716 825 habendas
746 769 985 847 quascunque
1020 747 1236 822 Pontificius
1259 750 1344 840 jure
1365 749 1647 844 ‘'praeventionis

359 852 612 944 collationes,
640 853 713 927 nisi
740 852 763 925 i
794 853 857 926 die
879 849 1014 925 mortis
1040 849 1277 924 Beneficiarii
1306 866 1454 925 tantum
1482 854 1646 946 spatium

360 955 576 1045 effluxerit,
603 970 644 1029 ut
669 951 870 1050 probabile
891 954 939 1027 sit
966 954 1015 1027 de
1039 973 1084 1026 ea
1105 953 1312 1029 certiorem
1335 953 1557 1028 Pontificem
1579 955 1648 1029 fre·

359 1057 394 1130 ri
420 1059 565 1153 potuise
594 1081 640 1131 eo
662 1059 751 1146 die,
779 1080 855 1153 quo
877 1054 1031 1147 libellus
1055 1055 1220 1130 Romam
1247 1056 1365 1134 venit.
1385 1053 1532 1131 Eadem
1561 1079 1647 1152 poe·

337 1159 408 1253 sna
427 1160 556 1234 locum
575 1182 724 1258 quoque
749 1156 891 1248 habet,
915 1155 981 1238 ubi
1002 1173 1242 1254 compertum
1267 1159 1342 1248 sit,
1366 1172 1455 1234 ante
1481 1166 1645 1259 mortem

359 1263 534 1336 nuntium
561 1263 727 1337 Romam
749 1261 966 1357 adpulisse,
994 1261 1097 1357 quod
1128 1283 1271 1341 cursum
1301 1277 1441 1335 vocant
1469 1262 1645 1339 ambitio-

358 1385 448 1439 sum.
476 1365 596 1439 Porro
634 1389 710 1438 non
743 1382 800 1438 est
835 1387 902 1438 cur
931 1364 1094 1458 amplius
1126 1366 1199 1437 hac
1230 1363 1268 1435 in
1306 1385 1348 1437 re
1382 1364 1647 1439 immoremur„

359 1466 539 1563 Namque
561 1467 751 1541 divisione
775 1466 962 1539 mensium
996 1465 1097 1538 inter
1120 1465 1256 1539 Sedem
1281 1465 1573 1560 Apostolicam,
1604 1483 1644 1542 et

359 1565 613 1660 ordinarios,
637 1571 698 1661 jus
724 1567 818 1642 illud
839 1567 1110 1641 Praeventionis
1138 1591 1244 1663 paene
1266 1565 1452 1643 abolitum
1469 1586 1551 1642 vest.
1572 1568 1644 1643 Per

358 1667 466 1744 illam
499 1670 601 1745 enim
630 1671 804 1746 Pontifex
832 1671 947 1744 tacite
974 1670 1259 1766 quodammodo
1289 1671 1452 1745 edixisse
1481 1670 1645 1763 videtur,

329 1787 400 1845 ut
428 1771 695 1851 Ordinariis
684 1796 724 1849 ιιι
755 1773 829 1849 suis
861 1769 1054 1848 mensibus
1086 1770 1206 1930 libera
1236 1791 1336 1848 esset
1368 1771 1645 1850 Beneficiorum

361 1874 535 2030 collatio.

705 2079 1083 2158 risurus
1161 2081 1295 2197 xxv.

370 2376 375 2386 ,
449 2266 458 2278 l
540 2272 637 2367 ‘De
662 2284 1000 2381 institutionibus,
1029 2301 1068 2363 er
1095 2281 1428 2384 Jurepatronatus.
1452 2257 1468 2262 ,.
1530 2256 1542 2315 Ι·
1645 2256 1651 2358 ι

350 2630 353 2638 1
381 2596 411 2669 1
438 2525 685 2696 Legitimos
705 2596 910 2696 aliquando
932 2591 1106 2671 Collator
1124 2594 1356 2671 Beneficium
1378 2595 1554 2691 conferre
1573 2598 1651 2673 ad·

349 2698 555 2798 ¹stringitur
577 2705 687 2795 juxta
708 2701 863 2776 alterius
891 2680 1148 2789 electionem,
1163 2698 1242 2773 ubi
1263 2723 1353 2775 sanc
1376 2702 1544 2795 provisio
1570 2724 1647 2775 non
1724 2752 1728 2759 -

356 2802 541 2894 collatio,
569 2807 637 2878 sed
661 2802 847 2877 institutio
871 2803 948 2912 dici
971 2803 1182 2878 consuevit
1207 2803 1275 2899 Jus
1302 2802 1553 2903 nominandi,
1583 2803 1651 2877 vel

357 2908 640 3000 praesentandi,
662 2911 726 2981 aut
748 2928 795 2980 ex
811 2898 896 2997 jure
921 2905 1129 2979 communi
1142 2904 1369 2994 descendit,
1394 2920 1436 2979 ut
1460 2906 1648 2980 Patrona·

358 3020 450 3095 tus,
477 3024 541 3083 aut
558 3031 605 3082 ex
628 3008 858 3104 privilegio,
885 3009 941 3081 uti
966 3008 1246 3081 nominationes
1268 3007 1450 3105 Regum,
1450 3008 1649 3081 aliorum·

360 3130 434 3206 que
456 3108 702 3207 Principum,
725 3106 805 3210 (**)
822 3124 861 3182 et
882 3110 1099 3184 Procerum.
1117 3110 1262 3205 Excipe
1284 3108 1553 3205 Hispaniarum
1574 3110 1649 3185 Re·

365 3230 465 3306 ges,
488 3214 550 3309 qui
578 3228 656 3287 non
678 3235 726 3286 ex
749 3212 953 3307 privilegio
977 3226 1150 3300 tantum,
1175 3211 1239 3285 sed
1266 3212 1354 3285 aliis
1372 3213 1490 3292 etiam
1514 3212 1650 3285 incon*

364 3312 483 3386 cussis
518 3316 647 3388 titulus
680 3317 740 3407 jus
773 3312 947 3385 obtinent
980 3310 1259 3407 praesentandi:
1291 3310 1387 3407 Leg.
1416 3316 1441 3388 I
1471 3312 1549 3388 Tit.
1580 3312 1653 3387 VI

367 3414 458 3488 Lib.
483 3414 651 3492 INov'ae
668 3415 803 3510 Recop.
825 3409 1041 3529 (*)Dehis
1058 3415 1148 3493 satis
1171 3411 1288 3488 alibi.
1309 3416 1358 3489 de
1375 3414 1579 3492 Patronatu
1592 3418 1655 3510 ju'

369 3513 642 3652 ribusqucu‘pri
664 3518 822 3592 adnexis
842 3514 906 3588 bic
927 3538 1062 3611 pauca

371 3617 469 3691 ll.
498 3622 847 3718 Jurispatronatus
836 3639 901 3691 saia
924 3635 1063 3693 natura
1093 3618 1131 3692 in
1158 3638 1203 3712 eo
1231 3629 1314 3709 est,
1342 3619 1488 3695 scilicet
1516 3633 1556 3695 ut
1582 3621 1654 3696 Pa·

369 3733 501 3794 tronus
520 3723 742 3797 facultatem
764 3719 904 3795 habeat
921 3722 1102 3796 idoneum
1119 3719 1314 3798 Clericum
1335 3724 1584 3811 nominandi,
1603 3720 1654 3797 ab

369 3820 591 3919 Episcopo,
620 3823 745 3899 aliove
761 3820 1001 3904 Ordinatio
990 3844 1030 3897 ιιι
1062 3822 1264 3913 Ecclesia,
1287 3825 1350 3897 vel
1368 3824 1589 3900 Beneficio
1579 3848 1657 3898 ins·

371 3926 615 4015 tituendum,
642 3948 688 4000 ac
706 3925 819 3999 simul
834 3922 982 4018 juribus
1000 3922 1228 4023 quibusdam
1251 3925 1489 4020 perfruatur,
1516 3927 1658 4021 partim

372 4028 623 4117 honorificis,
659 4028 800 4124 partim
836 4024 1021 4116 utilibus,
1061 4027 1202 4123 partim
1238 4028 1418 4102 onerosis.
1455 4028 1657 4128 Originetn

370 4129 473 4225 quod
494 4145 668 4225 spectat,
692 4131 864 4225 profecto
883 4130 976 4204 licet
1004 4127 1192 4219 Patroni,
1215 4144 1254 4204 et
1285 4128 1518 4206 patronatus
1537 4143 1658 4209 voca·

360 4225 466 4305 bula
491 4232 645 4329 antiqua
669 4253 744 4305 non
768 4233 870 4319 sint,-
899 4232 954 4306 rei
980 4246 1108 4306 tamen
1127 4231 1242 4328 ipsius
1266 4233 1368 4306 haud
1386 4231 1547 4309 obscura
1571 4257 1659 4310 ves-

373 4332 466 4429 tigia
496 4332 731 4409 habentur
719 4356 796 4423 Jam
829 4332 918 4406 inde
947 4314 997 4407 ab
1029 4331 1300 4431 antiquissimis
1325 4334 1574 4432 temporibus
1606 4336 1658 4416 Et

372 4436 526 4533 quidem
552 4438 689 4511 saeculo
709 4460 750 4510 ιν
772 4451 982 4531 vergente,
1012 4435 1075 4509 vel
1097 4434 1233 4510 saltem
1260 4460 1287 4508 v
1310 4436 1463 4512 ineunte
1487 4440 1658 4530 nomina,

372 4550 415 4611 et
383 4539 556 4715 {logia
574 4539 874 4719 {undatorum
863 4560 902 4613 ιιι
930 4535 1115 4615 Ecclesiis
1140 4534 1226 4616 ab
1205 4528 1310 4717 :filus
1329 4538 1534 4622 aedificatis
1545 4542 1657 4630 fuisses
1751 4575 1756 4583 ·

460 4666 527 4718 om.
535 4639 575 4719 I
1515 4716 1521 4721 .
1597 4643 1660 4719 iu·
