4034 5275
384 484 457 559 190
716 467 998 542 Institutionum
1031 468 1295 558 Canonlcatut'u

354 582 537 641 unacum
561 566 715 643 Cleiico
736 589 940 666 suscepto,
963 573 1230 647 communione
1259 570 1488 668 privandum
1512 567 1649 667 dec'e'r‘-⁴

358 667 484 758 uitur,
519 670 593 746 illis
623 675 887 746 tantummodo
914 678 1107 775 exceptis,
1139 679 1199 771 qui
1225 677 1402 768 proprius
1433 669 1649 750 amittentes

350 768 582 847 'Provincias
597 778 610 865 ,'
636 798 683 848 ex
709 779 931 851 necessitate
955 778 1005 850 ad
1029 778 1141 851 oliam
1168 776 1377 849 Ecclesiam
1402 775 1648 852 transierunt.

351 871 534 958 ‚Profecto
557 878 677 973 pquid
698 881 771 953 hoc
788 879 890 951 aliud
908 897 991 969 est,
1015 902 1129 978 quam
1155 878 1428 951 Beneficiorum
1456 877 1651 972 pluralita-

353 985 441 1049 tem
465 1000 513 1130 {a
536 977 765 1055 Resideutiae
795 980 926 1056 divino
953 986 1036 1079 jure
1065 997 1205 1056 statuta
1236 982 1320 1078 lege
1348 980 1522 1054 illicitam
1543 978 1652 1083 judi&

354 1099 451 1153 cure
470 1137 488 1152 ..

350 1253 356 1263 ,
413 1182 461 1253 ΙΙ.
488 1178 712 1257 Consonant
727 1182 1032 1260 Chalcedoneusi
1048 1185 1222 1263 Concilio
1237 1184 1401 1282 sequutis
1412 1180 1651 1278 temporibus

359 1279 511 1369 habita,
528 1286 583 1359 uti
602 1286 872 1360 Aurelianense
888 1291 941 1360 lll
964 1287 1058 1363 Can.
1075 1309 1198 1376 auru,
1216 1287 1439 1384 Epaonense
1456 1284 1552 1359 Can.
1574 1307 1652 1360 ,err

296 1411 300 1416 ’
351 1383 634 1462 Aurelianense
654 1390 744 1462 item
764 1389 797 1463 V
816 1387 910 1464 Can.
927 1386 1118 1492 utu,=(**)
1135 1407 1173 1462 et
1190 1391 1281 1486 Syn.
1298 1389 1422 1462 Tolet.
1440 1390 1457 1461 l
1475 1388 1571 1464 Can.
1587 1409 1652 1461 uu

361 1485 572 1562 decernens
593 1492 687 1565 nulli
703 1489 856 1566 Clerico
874 1492 988 1566 licere
1007 1492 1194 1567 discedere
1211 1491 1254 1564 de
1273 1492 1457 1585 Episcopo
1476 1513 1557 1564 suo:
1575 1489 1666 1588 Τοι-

361 1587 429 1662 let.
448 1591 478 1663 ll
490 1589 588 1666 'Can
606 1614 656 1682 11,
675 1594 826 1668 Valent.
843 1618 903 1667 an.
920 1596 995 1688 546
1010 1596 1102 1671 Can.
1115 1618 1160 1684 V,
1178 1609 1291 1682 etur,
1308 1592 1482 1666 Narbon.
1498 1594 1650 1689 an..589

360 1689 455 1765 Cau.
481 1715 546 1783 a,
566 1698 699 1791 Hispal
727 1700 760 1770 ll
786 1699 879 1773 Can.
908 1719 978 1787 ur,
1006 1695 1130 1772 Tolet.
1158 1699 1248 1770 Xlll
1282 1694 1376 1770 Can.
1397 1716 1446 1767 ,tr
1469 1695 1546 1768 &c
1575 1697 1649 1768 His

361 1813 477 1887 porro
495 1793 715 1873 Canouibus
730 1799 1003 1873 Beneficiorum
1021 1801 1216 1895 pluralitas
1231 1799 1433 1872 interdicta
1448 1813 1525 1885 est,
1542 1797 1651 1895 quipe

356 1917 411 1989 pe
430 1897 493 1993 qui
510 1899 702 1974 Clericum
720 1903 770 1975 ad
794 1925 907 1975 uuam
934 1904 1147 1995 duntaxat,
1169 1923 1328 1999 eamque
1349 1901 1411 1975 cui
1435 1899 1558 1995 primo
1584 1918 1651 1973 ore

361 1997 513 2073 dinatus
550 2019 607 2077 ert
639 2004 810 2099 adfigunt
832 2004 1071 2096 Ecclesiam,
1098 2005 1161 2078 ille
1178 2019 1311 2095 ,autem
1336 2004 1400 2100 qui
1424 2002 1550 2097 priore
1572 2024 1650 2075 uon

357 2119 592 2190 contentus,
619 2104 642 2177 a
670 2130 743 2202 qua
769 2125 976 2201 proventus
998 2107 1167 2202 accipit,
1196 2106 1349 2180 alterius
1371 2104 1487 2178 etiam
1512 2103 1651 2178 Eccless·

361 2203 425 2277 siae
451 2204 680 2280 beneficium
702 2210 970 2303 amplectitur,
999 2211 1105 2307 quasi
1123 2211 1161 2282 in
1179 2207 1324 2281 duabus
1341 2229 1420 2282 esse
1439 2205 1552 2277 simul
1571 2205 1651 2278 Ec·

357 2307 489 2378 clesiis
520 2312 671 2382 mentiri
704 2311 866 2386 videtur.
889 2311 1015 2400 Quam
1042 2334 1132 2384 vero
1162 2308 1368 2383 absurdum
1391 2306 1438 2379 sit
1461 2305 1483 2378 a
1506 2304 1656 2380 duabus

355 2407 477 2480 simul
495 2409 676 2484 Ecclesiis
692 2414 835 2487 reditus
852 2414 1068 2508 percipere,
1086 2413 1350 2486 demonstrant
1368 2409 1460 2504 Syn.
1477 2408 1651 2482 Aurelia-1

303 2513 306 2517 ’
355 2511 492 2593 ,nensis
521 2511 556 2586 V
584 2511 677 2588 Can.
703 2536 800 2606 utu,
831 2516 885 2592 ita
915 2515 1173 2590 constituens:
1202 2512 1344 2589 Nullus
1375 2513 1654 2604 Episcoporunc,

364 2631 429 2687 aut
452 2616 618 2716 cujusvis
640 2618 797 2692 Ordinis
820 2617 1016 2710 Clericus,
1045 2631 1112 2691 aut
1137 2617 1217 2692 ulia
1245 2638 1461 2713 quacunque
1482 2631 1657 2707 persona,

358 2714 592 2809 quibuslibet
620 2720 916 2808 conditionibus,
944 2724 1069 2795 seuin
1095 2718 1341 2815 Regno„seu
1373 2722 1413 2788 in
1443 2716 1520 2787 alio
1547 2718 1653 2808 posi-

355 2830 454 2905 tor,
485 2822 643 2895 alterius
668 2822 839 2923 cujusque
869 2822 1054 2896 Ecclesiae
1084 2842 1173 2907 res,
1203 2834 1269 2892 aut
1292 2833 1430 2913 petat,
1460 2832 1525 2891 aut
1552 2835 1656 2911 pra·
1688 2849 1692 2856 ·

360 2934 487 3010 sumat
520 2926 699 3017 accipere.
729 2923 842 3022 Quod
863 2928 899 3000 si
920 2922 1048 3014 fuerit
1075 2922 1216 2996 tamdiu
1245 2922 1427 2995 habeatur
1454 2920 1479 2993 d
1503 2925 1657 2993 commu-j

366 3026 469 3096 aione
495 3025 696 3113 Altaris,
712 3028 777 3099 vel
802 3028 953 3101 omnium
977 3025 1176 3119 fratrum,
1206 3047 1251 3098 ac
1274 3025 1436 3118 filiorum
1465 3021 1656 3098 charitate

365 3101 588 3219 tuipensus,
617 3127 726 3201 donec
750 3133 825 3221 ipsi
845 3119 1057 3216 Ecclesia,
1086 3126 1190 3223 cujus
1210 3126 1351 3199 directo
1376 3123 1501 3198 ordine
1517 3147 1579 3197 res
1595 3138 1655 3199 est

366 3226 529 3320 ablata,
559 3233 758 3302 restituat.
783 3226 839 3331 (*)
862 3230 1369 3327 Negaudumsquidemuon
1394 3244 1450 3302 est
1478 3226 1656 3321 exempla

253 3352 271 3387 ‘x
366 3354 596 3421 occurrere,
622 3344 735 3430 atque
753 3336 850 3406 adeo
874 3332 1137 3408 Conciliorum
1158 3332 1274 3406 eriam
1293 3330 1494 3418 Canones,
1520 3327 1655 3427 quibus

365 3436 430 3506 uui
458 3432 676 3528 Episcopo,
705 3434 768 3508 vel
796 3436 1025 3531 Presbytero
1043 3434 1141 3508 binae
1159 3433 1436 3521 cathedrales,
1462 3432 1523 3504 vel
1542 3431 1655 3506 Paro·

364 3536 509 3606 chiales
530 3535 714 3614 Ecclesiae¹
724 3539 913 3634 reg'eudt'e'
925 3537 1195 3634 permittuntur
1210 3561 1222 3627 ς
1245 3540 1377 3612 ve‘ium
1388 3519 1470 3608 ‘noc
1481 3521 1569 3607 lum
1583 3535 1652 3609 de·

364 3636 479 3732 nique
502 3636 693 3726 obtinuit,
718 3640 779 3711 vel
795 3662 909 3737 quum
935 3638 1101 3713 maxima
1120 3652 1270 3736 urgeret
1289 3638 1518 3724 necessitas,
1540 3637 1595 3709 uti
1613 3636 1652 3710 in

366 3736 549 3811 Ecclesiis
581 3741 724 3814 vicanis
757 3759 911 3836 propter
937 3742 1161 3815 idoneorum
1193 3741 1440 3815 Sacerdotum
1470 3738 1653 3834 inopiam,

361 3838 450 3941 (³⁰¹²)
479 3857 543 3916 aut
569 3857 641 3918 uua
672 3865 744 3918 uec
777 3844 1035 3920 uuius‘adlruc
1059 3843 1223 3919 Parocui
1253 3843 1653 3935 alimtrnioe.·praestau-

364 3945 653 4031 desufticeret:
674 3946 815 4040 Synod.
840 3944 999 4039 Emerit.
1014 3946 1120 4020 Cant
1135 3966 1241 4031 ara,
1264 3944 1443 4019 et·Tolet.
1467 3923 1651 4020 >lurcio

363 4069 453 4129 none
474 4067 527 4135 ν,
550 4042 609 4147 (*)·
629 4048 691 4122 vel
715 4045 1022 4146 quummaxime
1038 4048 1131 4124 illud
1152 4047 1361 4144 postularet
1378 4045 1562 4121 Ecclesiae
1579 4046 1652 4122 uti·

356 4148 494 4229 litas..
534 4188 537 4193 ·
790 4225 792 4229 ,
1046 4215 1049 4222 .
1251 4184 1254 4188 ’
1703 4179 1708 4183 ·

355 4307 392 4333 .,,
419 4253 484 4326 lll.
512 4250 563 4329 At
582 4253 813 4329 baenonnisi
835 4276 929 4331 rarae
951 4253 1182 4343 admodum,
1208 4269 1247 4329 et
1267 4253 1472 4351 antiquitus
1491 4251 1651 4328 inusita-

366 4364 532 4459 tte,‚.suot
560 4354 761 4431 Cauonum
791 4359 1055 4434 relaxationes.
1087 4357 1353 4456 Frequentiora
1380 4356 1481 4429 enim
1512 4378 1650 4431 occur·

364 4460 919 4564 centumuirale-:Ecclesiatum
936 4460 1256 4560 Caruentanam,
1276 4460 1339 4540 vel
1356 4458 1649 4558 Purochialiutu,

343 4597 425 4646 suit
672 4624 678 4632 ,.
733 4574 736 4581 ‘
764 4595 784 4642 ί.
850 4603 863 4644 ⁸.
1565 4581 1647 4656 quae
