4034 5275
740 393 869 474 Liber·
888 395 946 473 II.¹
978 393 1127 471 Titulus
1155 386 1277 472 XIV:
1552 415 1629 498 147

367 522 441 604 'que
475 502 667 592 fautores,
700 523 747 578 ac
778 514 1063 597 receptatores,
1097 499 1316 575 defensores
1333 554 1345 591 ,
1362 507 1413 576 'et
1444 498 1656 576 credentes:

359 607 458 702 Cap.
486 631 531 704 13
557 606 601 683 de
622 607 832 684 Haereticir
854 610 884 693 §.
916 623 967 697 5,
992 616 1034 694 ¹ev
1058 599 1170 677 Cous.
1192 623 1244 698 24
1264 602 1414 701 Quaer't.
1434 603 1487 680 II
1504 626 1573 702 per
1597 623 1654 682 to·

358 722 455 785 tame
496 710 519 760 *
1233 724 1243 741 '¹
1618 712 1629 748 ’⁴

353 818 358 827 '
412 832 441 907 4
468 707 616 909 J(uc)laei,
644 812 813 911 Pagani,
835 808 1013 885 lnfideles
1033 831 1192 883 omnes:
1216 821 1327 908 atque
1348 811 1466 885 etiam
1487 810 1651 888 infante:

359 915 505 989 mortui
534 915 614 990 siue
639 911 856 1011 baptismo:
884 916 979 988 Can.
999 931 1124 986 xxvu
1144 911 1188 987 de
1208 911 1379 988 consecr.
1406 912 1516 990 Dr‘rt.
1540 914 1575 989 Ι.

409 1016 552 1092 xviri.
581 1018 655 1107 lis,
677 1006 824 1115 quoque
842 1014 1111 1114 Ecclesiastica
1128 1014 1321 1111 sepultura
1338 1016 1563 1115 deneganda
1580 1030 1651 1110 est,

356 1136 460 1216 quos>
479 1119 518 1193 in
546 1136 706 1216 peccato
735 1120 933 1194 mortifero
954 1118 1161 1192 decessisse
1189 1141 1282 1192 vero
1308 1120 1398 1194 satis
1420 1136 1476 1195 est
1498 1121 1648 1196 simile.

350 1223 586 1314 Huiusmodi
602 1239 688 1296 sunt
710 1245 725 1295 1
747 1223 811 1323 qui
828 1220 900 1296 sibi
918 1221 1083 1295 mortem
1101 1221 1389 1315 consciverunt,
1407 1222 1479 1297 nisi
1495 1239 1646 1300 constet

354 1323 400 1398 id
426 1326 551 1399 furore
579 1327 736 1400 adactos
759 1326 902 1423 egisse:
927 1323 1022 1398 Can.
1039 1344 1103 1397 rur
1122 1324 1235 1400 Cant.
1261 1345 1309 1422 23
1333 1325 1385 1422 ρ.
1407 1323 1476 1415 V,
1503 1323 1583 1428 (**)
1605 1342 1644 1403 et

346 1428 466 1522 ‘praei
485 1427 578 1523 Syn.
602 1427 757 1502 Bracar.
784 1433 799 1501 l
825 1426 919 1520 Cap.
945 1421 1057 1498 XVI
1075 1426 1169 1499 alias
1196 1425 1289 1502 Can.
1312 1445 1464 1499 mun
1487 1423 1542 1529 (*)
1632 1458 1635 1463 ·
1736 1516 1744 1525 ⁴

412 1551 436 1602 2
465 1533 562 1605 Item
593 1530 752 1606 usurarii
784 1526 998 1603 manifesti:
1026 1527 1147 1603 Immo
1177 1529 1218 1601 hi
1244 1529 1381 1625 sepulti
1409 1531 1644 1607 exhumaudi

342 1647 469 1727 nsunt,
493 1633 524 1707 si
545 1656 677 1708 eorum
695 1655 779 1707 ossa
801 1630 851 1708 ab
870 1631 1101 1729 requuorunr
1125 1629 1270 1705 ossibus
1289 1631 1456 1706 discerni
1475 1650 1644 1729 possunt.

351 1734 529 1832 Excipe,
553 1736 617 1811 ubi
641 1751 789 1812 constet
807 1758 872 1810 eos
900 1749 990 1809 ante
1008 1748 1172 1808 mortem
1192 1733 1337 1829 injustae
1364 1757 1560 1810 usurarum
1578 1760 1642 1812 ac·

353 1839 543 1934 ceptinnis
571 1832 816 1935 poenituisse:
841 1838 974 1912 adhaec
1003 1850 1042 1909 et
1077 1837 1292 1913 cautionem
1323 1838 1371 1912 de
1402 1839 1645 1915 restituendis

352 1943 474 2018 usuris
492 1943 732 2037 prestitisse:
763 1940 857 2034 Cap.
885 1960 908 2014 2
938 1940 983 2011 de
999 1938 1137 2011 Usurr‘r
1159 1942 1198 2011 in
1225 1938 1307 2013 VI.
1624 1988 1627 1993 -

407 2066 430 2142 3
457 2045 535 2136 Qui
558 2057 790 2142 praeceptum
814 2064 947 2117 annuae
965 2041 1241 2133 confessionis,
1264 2057 1304 2117 et
1326 2041 1519 2117 Paschalis
1536 2064 1642 2120 com·

308 2158 311 2163 '
355 2148 545 2222 munionis
571 2171 647 2222 non
668 2146 947 2242 impleverunt:
975 2142 1069 2236 Cap.
1095 2141 1235 2218 Omnis
1257 2145 1450 2241 utriusque
1468 2168 1578 2220 sexus
1595 2145 1642 2222 de
1734 2166 1740 2185 ¹

351 2247 494 2324 Poenit.
510 2263 549 2323 et
565 2249 724 2326 RemIss.
739 2243 819 2350 (**)
834 2264 873 2322 et
890 2247 977 2344 Syn.
1003 2244 1227 2320 Vallis-olet
1249 2245 1345 2344 Cap.
1360 2246 1567 2322 XXVIII.
1582 2245 1641 2352 (*)

358 2373 362 2437 j
402 2375 432 2446 4
458 2352 621 2426 Mortuis
642 2352 682 2426 in
703 2350 1020 2436 Torneamentis;
1045 2371 1161 2442 porro
1183 2351 1241 2423 his
1264 2351 1355 2425 licet
1373 2351 1642 2447 poenitentiam

349 2451 597 2551 poscentibus
623 2475 700 2527 non
724 2454 958 2549 denegetur:
985 2451 1112 2524 adhuc
1133 2465 1262 2527 tamen
1286 2452 1556 2528 Ecclesiastica
1575 2456 1640 2532 de·

352 2556 530 2655 neganda
547 2568 604 2630 est
629 2553 843 2652 sepultura:
871 2554 963 2650 Cap.
988 2578 1004 2626 1
1032 2551 1076 2624 de
1097 2550 1381 2657 Torneamentis.

359 2695 362 2701 ·
405 2680 426 2751 ς
455 2658 670 2758 Pugnantes
701 2659 740 2732 in
772 2657 923 2746 docile,
952 2654 1033 2729 sive
1058 2655 1132 2750 ipsi
1160 2656 1399 2751 duellantes,
1432 2680 1640 2760 eorumque

350 2762 516 2858 patrini:
541 2759 693 2837 Concil.
720 2760 892 2835 Trident.
922 2760 1035 2833 Sess.
1058 2777 1152 2832 m
1173 2760 1262 2852 Ref.
1284 2779 1365 2856 cap.
1391 2783 1466 2858 19,
1497 2757 1586 2864 (**)’
1600 2777 1640 2839 et
1697 2825 1700 2830 .

353 2861 445 2961 Syn'.
462 2866 607 2939 Arand.
630 2864 680 2940 ad
703 2864 864 2939 Durium
883 2887 945 2937 an.
974 2882 1072 2961 1473
1097 2859 1192 2959 Cap.
1215 2860 1320 2952 XX,
1342 2864 1432 2961 quin
1456 2880 1495 2939 et
1512 2866 1640 2959 plures

352 2964 392 3045 in
412 2967 643 3058 invitantes,
666 2981 705 3039 et
729 2982 973 3061 acceptantes
997 2964 1125 3037 duella
1137 2968 1221 3057 jure
1242 2966 1348 3040 civili
1367 2988 1492 3062 poenae
1515 2967 1639 3043 indic-

354 3080 403 3140 tae
424 3086 533 3145 suut:
556 3069 649 3170 Leg.
669 3067 734 3158 X,
760 3087 798 3144 et
821 3066 913 3142 XII
930 3068 1010 3141 Tit.
1032 3063 1152 3139 VIII
1170 3065 1259 3143 Lr'b.
1282 3066 1400 3144 VIII
1414 3072 1539 3148 Novae
1565 3069 1640 3145 Re·

354 3191 433 3266 cop.
453 3189 492 3245 et
518 3175 655 3249 Sanct.
675 3170 724 3262 I,
748 3186 787 3245 et
808 3169 859 3245 II
881 3168 959 3245 Tit.
987 3166 1107 3243 VIII
1123 3169 1213 3242 Lib.
1241 3168 1360 3244 VIII
1379 3173 1493 3271 vulgo
1515 3168 1640 3248 Autor

358 3274 594 3351 Acordador.
617 3268 674 3374 (*)
745 3343 747 3349 .
818 3341 820 3348 .
1609 3295 1613 3305 “

409 3374 436 3448 6
461 3376 673 3486 Raptores‚
690 3391 728 3451 et
745 3374 1004 3450 Ecclesiarum
1022 3371 1255 3463 violatores,
1273 3372 1353 3450 slve
1369 3374 1433 3473 qui
1451 3374 1639 3452 violenter

357 3474 627 3552 insurrexerint
642 3480 680 3552 in
699 3478 869 3574 rapinas,
890 3477 950 3552 vel
968 3478 1007 3551 in
1022 3474 1279 3550 Ecclesiarum
1300 3477 1539 3553 violationes.
1554 3481 1638 3553 liu-

343 3580 519 3684 ,jusmodi
535 3581 729 3653 criminosi
755 3580 793 3652 in
811 3580 991 3654 extremis
1008 3593 1191 3675 agentes,
1219 3597 1257 3653 et
1287 3597 1489 3676 peccatum
1510 3583 1639 3656 detes·

355 3693 507 3769 rantes,
531 3680 711 3755 viaticum
741 3681 892 3777 quidem
913 3681 1135 3775 accipiunt,
1159 3682 1262 3755 haud
1282 3704 1375 3756 vero
1396 3683 1639 3759 Ecclesiasti-

355 3804 441 3860 eam
460 3783 718 3879 sepulturam,
740 3781 813 3855 nisi
837 3780 886 3856 de
910 3782 1150 3873 restituendis
1172 3780 1309 3858 ablatis
1332 3785 1550 3859 cautionem
1569 3788 1638 3862 de·

359 3886 513 3960 derint:
541 3885 636 3981 Cap.
666 3906 690 3960 n
715 3885 760 3959 de
778 3881 1039 3981 Raptorr'bur,
1063 3882 1143 3987 (**)
1168 3900 1208 3960 et
1235 3884 1403 3983 Compil.
1427 3888 1638 3969 Tarracon.

362 3985 453 4063 Lr‘b.
477 3987 525 4060 V
538 3986 617 4062 Tit.
640 3985 759 4063 VIII
778 4008 863 4084 cap.
889 3982 997 4089 1.(*)
1222 4079 1225 4085 ¹

410 4112 434 4191 7
463 4090 682 4177 Manifesti,
712 4104 751 4162 et
776 4086 919 4183 publici
943 4103 1192 4186 peccatores,
1215 4092 1279 4190 qui
1308 4092 1388 4170 sine
1411 4094 1637 4193 poeniteutia

358 4190 624 4268 decesserunt:
651 4190 804 4267 Rituale
825 4192 939 4265 Rom.
963 4192 1008 4265 de
1034 4192 1250 4292 Exsequiis.

409 4295 433 4367 8
461 4296 600 4388 Fures,
621 4308 661 4387 et
679 4296 864 4370 Latrones
884 4294 923 4368 in
941 4293 1126 4393 fragranti
1153 4296 1315 4376 crimine
1341 4298 1482 4379 occisi:
1501 4298 1637 4401 capa

358 4394 403 4473 de
432 4396 582 4473 Furtis.
1328 4427 1329 4430 ’
1681 4425 1683 4430 ·
1727 4421 1730 4428 '

390 4497 507 4579 forn.
531 4500 589 4580 II.
1182 4499 1217 4574 'l'
1551 4506 1642 4581 Mo·
