4034 5275
645 548 650 561 ,
724 482 875 565 latter
904 484 961 564 II.
989 483 1139 562 Titulus
1166 482 1309 562 XVII.
1586 498 1656 582 171

405 608 488 669 rum
523 590 753 682 ··d'ebentur;
787 591 900 688 idque
918 604 1071 679 strant-r
1100 586 1388 679 indifferenter,
1406 584 1504 661 :sive
1536 583 1680 664 urbana

397 694 505 784 sint,
534 697 616 770 sive
641 695 796 768 rustica.
823 694 941 768 Porro
969 693 1183 786 hujusmodi
1208 692 1394 781 decimae,
1416 688 1480 765 vel
1506 688 1681 790 Majores

392 813 506 886 sunt,
534 798 598 872 vel
615 798 812 885 Minores,
830 796 892 870 vel
909 797 1092 871 Novales.
1111 793 1285 894 Majores
1302 809 1410 880 sunt,
1426 816 1508 889 quae
1526 793 1676 888 degra-

384 902 467 988 rio,
495 899 613 988 vino,
631 901 774 986 imno,
796 899 954 996 aliisque
979 896 1166 974 fructibus
1188 893 1474 972 distentioribus
1500 895 1676 991 pendun-

391 1013 465 1076 tur.
485 1000 657 1078 Minores
681 1003 730 1075 de
756 999 1040 1097 leguminibus,
1067 1016 1119 1075 et·
1133 997 1313 1073 oleribus.
1333 994 1423 1100 (**)“
1444 1000 1522 1071 Has
1543 1020 1677 1072 omnes

387 1102 569 1177 minutim
591 1119 765 1178 recenset
794 1103 887 1199 Syn.
907 1103 1066 1179 Valent.
1086 1100 1191 1199 prael.
1217 1102 1311 1196 Cap.
1335 1099 1396 1175 16.
1422 1096 1478 1202 (¹¹²)
1502 1096 1674 1176 Novules

387 1203 546 1279 demum
571 1207 619 1280 de
644 1207 746 1304 agris
768 1229 900 1280 receus
922 1206 1093 1282 excultis.
1114 1205 1336 1279 Personales
1358 1205 1564 1293 dicuntur,
1592 1227 1675 1302 quae

384 1327 435 1380 ex
456 1306 595 1396 rebus,
618 1332 710 1405 quas
727 1310 883 1406 quisque
900 1307 974 1383 sibi
990 1307 1201 1396 industria,
1225 1322 1264 1381 et
1280 1328 1397 1402 opera
1414 1328 1479 1379 sua
1497 1307 1675 1404 adquirit,

385 1410 686 1505 persolvuntur,
711 1411 829 1487 veluti
847 1434 894 1484 ex
911 1411 1019 1486 lucro
1039 1414 1205 1484 honestae
1228 1412 1480 1505 cujuscunque
1499 1409 1674 1504 negotia·

385 1509 530 1601 tionis,
555 1513 727 1603 militiae,
755 1514 969 1587 venationis
986 1515 1062 1588 &c
1081 1513 1214 1585 Mixtae
1231 1514 1414 1598 demum,
1435 1533 1516 1607 quae
1534 1512 1674 1605 partim

389 1613 589 1711 praediales
606 1631 709 1704 sunt,
726 1617 868 1710 partim
887 1614 1123 1711 personales,
1139 1614 1302 1704 scilicet,
1318 1636 1400 1712 quae
1414 1634 1460 1687 ex
1475 1608 1673 1704 fructibus,

387 1738 572 1812 pecorum
597 1717 717 1807 foetu,
739 1717 865 1808 lacte,
890 1720 978 1793 lana
996 1717 1073 1794 &ca
1099 1732 1338 1812 prestantur.
1361 1717 1465 1812 Lege
1489 1715 1674 1808 mosaica,

382 1835 424 1893 et
435 1819 522 1910 jure
537 1819 808 1895 Ecclesiastico
826 1823 876 1895 ad
892 1821 1071 1897 saeculum
1090 1842 1205 1919 usque
1229 1843 1319 1909 xm,
1340 1821 1394 1894 uti
1413 1820 1529 1893 modo
1545 1816 1676 1894 obser·

387 1923 589 2010 vavimus,
620 1922 827 2017 praediales·
849 1924 1116 1999 tantummodo
1147 1922 1307 1997 decimae
1336 1921 1537 2018 persolutae
1571 1936 1672 1997 sunt.

391 2064 397 2075 ·
436 2023 543 2098 Vlll.
569 2025 740 2100 Decimae
768 2026 989 2100 personales
1017 2027 1056 2098 in
1078 2048 1124 2098 eo
1156 2023 1382 2099 differunti
1411 2022 1671 2113 Praedialibus,

385 2127 486 2223 quod
515 2129 578 2202 hae.
596 2126 707 2200 nullis
728 2127 902 2204 deductis
930 2124 1133 2224 expensis,
1158 2127 1353 2201 statimne
1373 2126 1515 2205 fructus
1531 2126 1673 2200 collec-

385 2226 415 2301 ri
436 2245 548 2318 sunt,
569 2227 781 2303 debentur:
810 2227 867 2304 Ca
893 2282 904 2303 .
926 2250 976 2328 7,
1005 2251 1082 2319 aa,
1108 2243 1157 2302 et
1173 2228 1223 2304 26
1244 2228 1293 2305 de.
1308 2225 1501 2315 Decimii,
1522 2223 1603 2328 (**)
1626 2243 1668 2304 et

385 2328 552 2426 Compil.
571 2333 777 2408 Tarracon.
801 2249 980 2408 LiprII
995 2330 1073 2406 Tit.
1098 2329 1255 2405 XVIII
1272 2347 1353 2427 erp.
1372 2353 1426 2429 3,
1449 2326 1505 2433 (*)
1528 2346 1566 2404 et
1588 2332 1675 2429 qui·

385 2434 475 2509 dem
493 2433 709 2524 Parochiis,
735 2436 834 2508 intra
853 2459 1011 2532 quarum
1034 2435 1128 2508 lines
1150 2435 1291 2530 praedia
1315 2440 1469 2526 jacent:
1497 2435 1673 2531 quamvis

384 2534 537 2612 illorum
570 2538 746 2611 dominus
774 2537 849 2610 alia
877 2538 915 2608 in
941 2537 1127 2610 Parochia
1154 2553 1438 2625 commoretur,
1472 2536 1543 2608 nisi
1569 2536 1674 2613 aliud

385 2635 936 2722 obtineatexcousuetudiue:
956 2637 1051 2733 Cap.
1071 2662 1142 2736 13,
1161 2652 1200 2712 et
1222 2640 1296 2730 18,
1319 2652 1425 2713 etlao
1440 2638 1570 2711 eodem.
1590 2640 1669 2711 111ae

385 2755 478 2818 vero
500 2743 693 2817 Parochiis
714 2744 936 2839 praestandae
961 2751 1078 2832 sunt,¹
1098 2739 1164 2815 ubi
1185 2740 1558 2839 quisEcclesiastica
1585 2763 1673 2836 per·

386 2846 480 2941 cipit
497 2845 856 2945 Sacramenta..(**)
874 2847 934 2919 Ad
957 2866 1039 2917 rem
1049 2844 1153 2941 zSyu.
1176 2843 1481 2940 Salmantpraes.
1499 2842 1598 2939 Cap.
1617 2843 1671 2920 V:

386 2946 506 3044 Quum
524 2946 687 3021 Decime
703 2948 886 3021 Ecclesiae
900 2946 1193 3035 debeanturilli,
1206 2953 1244 3021 in
1257 2947 1361 3047 cujus
1377 2946 1562 3020 Paroreia
1574 2965 1675 3041 prae·

386 3048 452 3125 dia
477 3050 720 3135 excoluntur,
743 3054 818 3122 nisi
834 3049 882 3123 ab
907 3050 986 3123 alia
1003 3049 1177 3126 Ertlesr'a
1195 3068 1262 3144 per
1280 3051 1598 3144 prescriptionem
1614 3048 1678 3123 de·

388 3149 507 3227 bisam
524 3155 606 3225 sint
631 3150 886 3241 substruere,
912 3156 1098 3246 praesenti‘
1115 3152 1259 3228 decreto
1279 3160 1483 3241 sancimus,
1505 3150 1600 3247 quod
1614 3156 1677 3249 qui

389 3253 502 3328 semel
524 3253 685 3353 alicujus
723 3254 1199 3344 ErrIeriae.,Parorhinnus,
1216 3255 1365 3347 fuerit,
1397 3255 1556 3336 alterius
1587 3252 1677 3347 fieri

391 3381 458 3432 non
483 3360 630 3450 possit,
656 3359 731 3429 nisi
757 3355 987 3430 domicilium.
1005 3356 1183 3429 totaliter
1211 3361 1248 3432 iu
1267 3356 1425 3433 alterius
1451 3354 1676 3429 Parorhinm

395 3456 685 3554 transferendo,
705 3465 744 3531 'et
769 3477 853 3535 tune
866 3459 1078 3552 personales
1097 3456 1277 3536 -Dectmas
1301 3458 1363 3540 iIIi
1384 3457 1527 3542 solvere
1551 3473 1678 3533 terrea·

390 3574 460 3652 tur
485 3545 672 3635 Eeciesiae‘
682 3616 694 3651 ,
722 3564 760 3632 irs
792 3584 862 3655 qua
888 3563 1070 3656 receperit
1106 3558 1380 3634 Ecclesiastico
1410 3559 1677 3654 Sacramentm·

388 3660 593 3761 praediales
621 3684 709 3737 vero
730 3662 859 3762 solvat
888 3664 980 3751 illi,
1009 3666 1050 3742 in
1076 3662 1180 3761 cujus
1210 3660 1395 3735 Parorhia
1421 3678 1507 3737 sunt
1529 3666 1677 3759 praedia

392 3767 565 3850 situata,
593 3765 667 3836 risi
691 3762 795 3853 aliud
816 3760 861 3832 de
888 3763 1141 3837 consuetudine
1160 3767 1392 3859 prescripta
1422 3765 1585 3859 legitime
1613 3765 1678 3841 ob·

393 3881 575 3940 servetis.
596 3858 731 4040 (wit
753 3862 905 3958 quidem
935 3867 1153 3958 personales
1167 3867 1333 3952 decimae
1358 3865 1485 3941 solum·
1503 3867 1677 3950 deductis

391 3966 566 4064 expensis
587 3966 635 4040 de
665 3982 787 4041 entur.
811 3966 897 4056 Qua
915 3967 965 4040 de
985 3967 1363 4068 reiuuegotiatione
1381 3970 1530 4044 nonnisi
1554 3993 1601 4046 ex
1620 3972 1679 4050 lun
1700 3984 1702 3988 ’

391 4093 480 4157 cro,
496 4066 689 4143 subductis
707 4070 886 4164 impensis
902 4065 1178 4164 persolvendae.
1200 4072 1364 4146 Demum
1385 4071 1518 4148 Mixtae
1534 4072 1677 4151 deben-

393 4187 455 4247 tur
491 4171 644 4269 quidem
683 4169 909 4264 l‘arocbiis,
948 4168 1015 4245 ubi
1041 4187 1224 4247 armenta
1245 4192 1494 4268 pascuntur,
1531 4195 1572 4253 at
1610 4179 1680 4253 de·

394 4274 527 4350 tractis
564 4269 761 4348 sumtibus.
803 4269 1014 4348 Generales
1054 4276 1094 4348 hi
1134 4274 1313 4354 Canones
1348 4294 1462 4366 sunt,
1506 4280 1555 4353 ad
1588 4300 1681 4377 quos

397 4375 539 4449 diversi
564 4376 714 4473 generis
742 4374 977 4448 decimarum
1001 4379 1062 4468 jus
1095 4376 1315 4477 plerumque
1348 4380 1537 4476 dirigitur.
1564 4380 1682 4464 Cetea

398 4500 489 4653 turp
508 4478 546 4550 in
570 4482 644 4657 hlalc
663 4499 705 4554 re
729 4476 934 4575 plurimum
958 4480 1221 4584 consuetudini
1243 4478 1511 4657 spurcarum,
1535 4498 1615 4561 tum
1631 4485 1684 4662 ge

406 4635 408 4640 .
487 4603 554 4654 em.
632 4634 643 4655 .
1666 4622 1685 4641 ·
