<?xml version="1.0" encoding="UTF-8"?>
<!DOCTYPE html PUBLIC "-//W3C//DTD XHTML 1.0 Transitional//EN"
    "http://www.w3.org/TR/xhtml1/DTD/xhtml1-transitional.dtd">
<html xmlns="http://www.w3.org/1999/xhtml" xml:lang="en" lang="en">
 <head>
  <title>
</title>
<meta http-equiv="Content-Type" content="text/html;charset=utf-8" />
  <meta name='ocr-system' content='tesseract 3.04.00' />
  <meta name='ocr-capabilities' content='ocr_page ocr_carea ocr_par ocr_line ocrx_word'/>
</head>
<body>
  <div class='ocr_page' id='page_1' title='image "./institutionumca00selvgoog_0136.png"; bbox 0 0 4034 5275; ppageno 0'>
   <div class='ocr_carea' id='block_1_1' title="bbox 294 464 1763 4673">
    <p class='ocr_par' dir='ltr' id='par_1_1' title="bbox 393 464 1314 579">
     <span class='ocr_line' id='line_1_1' title="bbox 393 464 1314 579; baseline 0 -22"><span class='ocrx_word' id='word_1_1' title='bbox 393 502 492 579; x_wconf 64' lang='grc' dir='ltr'>,ιιι</span> <span class='ocrx_word' id='word_1_2' title='bbox 751 464 1057 562; x_wconf 70' lang='lat' dir='ltr'>Institutionum</span> <span class='ocrx_word' id='word_1_3' title='bbox 1045 472 1314 561; x_wconf 84' lang='lat' dir='ltr'>Canonicarurn</span> 
     </span>
    </p>

    <p class='ocr_par' dir='ltr' id='par_1_2' title="bbox 294 579 1763 3767">
     <span class='ocr_line' id='line_1_2' title="bbox 388 579 1681 685; baseline 0.005 -26"><span class='ocrx_word' id='word_1_4' title='bbox 388 607 456 661; x_wconf 90' lang='lat' dir='ltr'>nas</span> <span class='ocrx_word' id='word_1_5' title='bbox 474 585 730 685; x_wconf 80' lang='lat' dir='ltr'>confugiendo</span> <span class='ocrx_word' id='word_1_6' title='bbox 759 588 1065 684; x_wconf 84' lang='lat' dir='ltr'><strong>prospexissent.</strong></span> <span class='ocrx_word' id='word_1_7' title='bbox 1095 589 1193 684; x_wconf 86' lang='lat' dir='ltr'>Aug</span> <span class='ocrx_word' id='word_1_8' title='bbox 1224 587 1268 661; x_wconf 91' lang='lat' dir='ltr'>de</span> <span class='ocrx_word' id='word_1_9' title='bbox 1287 584 1429 669; x_wconf 77' lang='lat' dir='ltr'>cavit.</span> <span class='ocrx_word' id='word_1_10' title='bbox 1441 579 1519 662; x_wconf 86' lang='lat' dir='ltr'>Dei</span> <span class='ocrx_word' id='word_1_11' title='bbox 1546 583 1681 665; x_wconf 66' lang='grc' dir='ltr'>ΠΗ</span> 
     </span>
     <span class='ocr_line' id='line_1_3' title="bbox 385 683 1685 807; baseline 0.005 -45"><span class='ocrx_word' id='word_1_12' title='bbox 385 708 467 807; x_wconf 80' lang='lat' dir='ltr'>cap.</span> <span class='ocrx_word' id='word_1_13' title='bbox 487 713 519 763; x_wconf 91' lang='lat'>1.</span> <span class='ocrx_word' id='word_1_14' title='bbox 551 689 647 764; x_wconf 87' lang='lat' dir='ltr'>Satis</span> <span class='ocrx_word' id='word_1_15' title='bbox 669 690 824 788; x_wconf 84' lang='lat' dir='ltr'>vulgata</span> <span class='ocrx_word' id='word_1_16' title='bbox 851 706 909 764; x_wconf 90' lang='lat' dir='ltr'>est</span> <span class='ocrx_word' id='word_1_17' title='bbox 924 689 1070 765; x_wconf 83' lang='lat' dir='ltr'>Alarici</span> <span class='ocrx_word' id='word_1_18' title='bbox 1092 689 1211 788; x_wconf 90' lang='lat' dir='ltr'>Regis</span> <span class='ocrx_word' id='word_1_19' title='bbox 1227 687 1462 764; x_wconf 86' lang='lat' dir='ltr'>Gotthorum</span> <span class='ocrx_word' id='word_1_20' title='bbox 1503 683 1685 784; x_wconf 85' lang='lat' dir='ltr'>historia,</span> 
     </span>
     <span class='ocr_line' id='line_1_4' title="bbox 386 789 1679 914; baseline 0.004 -48"><span class='ocrx_word' id='word_1_21' title='bbox 386 792 450 888; x_wconf 93' lang='lat' dir='ltr'>qni</span> <span class='ocrx_word' id='word_1_22' title='bbox 482 789 616 866; x_wconf 90' lang='lat' dir='ltr'>urbem</span> <span class='ocrx_word' id='word_1_23' title='bbox 631 793 842 867; x_wconf 86' lang='lat' dir='ltr'>Romam</span> <span class='ocrx_word' id='word_1_24' title='bbox 826 807 907 886; x_wconf 84' lang='lat' dir='ltr'>Jam</span> <span class='ocrx_word' id='word_1_25' title='bbox 939 807 1201 914; x_wconf 82' lang='lat' dir='ltr'>expugnatam</span> <span class='ocrx_word' id='word_1_26' title='bbox 1222 792 1389 889; x_wconf 86' lang='lat' dir='ltr'>diripere</span> <span class='ocrx_word' id='word_1_27' title='bbox 1415 815 1491 866; x_wconf 88' lang='lat' dir='ltr'>non</span> <span class='ocrx_word' id='word_1_28' title='bbox 1523 810 1582 868; x_wconf 88' lang='lat' dir='ltr'>est</span> <span class='ocrx_word' id='word_1_29' title='bbox 1610 797 1679 871; x_wconf 86' lang='lat' dir='ltr'>ad·</span> 
     </span>
     <span class='ocr_line' id='line_1_5' title="bbox 386 893 1679 1016; baseline 0.005 -50"><span class='ocrx_word' id='word_1_30' title='bbox 386 915 558 1016; x_wconf 82' lang='lat' dir='ltr'>gressus,</span> <span class='ocrx_word' id='word_1_31' title='bbox 577 895 648 968; x_wconf 88' lang='lat' dir='ltr'>uisr</span> <span class='ocrx_word' id='word_1_32' title='bbox 638 896 756 969; x_wconf 89' lang='lat' dir='ltr'>dato</span> <span class='ocrx_word' id='word_1_33' title='bbox 772 913 959 994; x_wconf 76' lang='lat' dir='ltr'>praecepto</span> <span class='ocrx_word' id='word_1_34' title='bbox 972 898 1113 993; x_wconf 86' lang='lat' dir='ltr'>prius,</span> <span class='ocrx_word' id='word_1_35' title='bbox 1145 909 1187 968; x_wconf 87' lang='lat' dir='ltr'>ut</span> <span class='ocrx_word' id='word_1_36' title='bbox 1216 897 1252 966; x_wconf 91' lang='lat' dir='ltr'>si</span> <span class='ocrx_word' id='word_1_37' title='bbox 1283 898 1344 989; x_wconf 90' lang='lat' dir='ltr'>qui</span> <span class='ocrx_word' id='word_1_38' title='bbox 1361 897 1398 966; x_wconf 89' lang='lat' dir='ltr'>in</span> <span class='ocrx_word' id='word_1_39' title='bbox 1415 893 1564 970; x_wconf 73' lang='lat' dir='ltr'>Sancta</span> <span class='ocrx_word' id='word_1_40' title='bbox 1582 897 1679 992; x_wconf 83' lang='lat' dir='ltr'>lora,</span> 
     </span>
     <span class='ocr_line' id='line_1_6' title="bbox 382 994 1681 1171; baseline 0.003 -102"><span class='ocrx_word' id='word_1_41' title='bbox 382 994 637 1171; x_wconf 68' lang='lat' dir='ltr'>praecipueque</span> <span class='ocrx_word' id='word_1_42' title='bbox 665 1002 704 1071; x_wconf 90' lang='lat' dir='ltr'>in</span> <span class='ocrx_word' id='word_1_43' title='bbox 725 1000 944 1072; x_wconf 82' lang='lat' dir='ltr'>Sanctorum</span> <span class='ocrx_word' id='word_1_44' title='bbox 962 997 1224 1118; x_wconf 72' lang='lat' dir='ltr'>Apostolorum</span> <span class='ocrx_word' id='word_1_45' title='bbox 1240 995 1349 1072; x_wconf 75' lang='lat' dir='ltr'>Petri</span> <span class='ocrx_word' id='word_1_46' title='bbox 1367 1051 1393 1085; x_wconf 84' lang='grc'><em>,</em></span> <span class='ocrx_word' id='word_1_47' title='bbox 1403 1011 1447 1076; x_wconf 80' lang='grc' dir='ltr'>ιι</span> <span class='ocrx_word' id='word_1_48' title='bbox 1465 996 1579 1072; x_wconf 78' lang='lat' dir='ltr'>Pauli</span> <span class='ocrx_word' id='word_1_49' title='bbox 1596 999 1681 1075; x_wconf 51' lang='grc' dir='ltr'>«ιιι</span> 
     </span>
     <span class='ocr_line' id='line_1_7' title="bbox 386 1099 1681 1197; baseline 0.008 -27"><span class='ocrx_word' id='word_1_50' title='bbox 386 1100 522 1174; x_wconf 84' lang='lat' dir='ltr'>silicas</span> <span class='ocrx_word' id='word_1_51' title='bbox 536 1099 812 1197; x_wconf 80' lang='lat' dir='ltr'><em>confugissent,</em></span> <span class='ocrx_word' id='word_1_52' title='bbox 835 1101 901 1174; x_wconf 87' lang='lat' dir='ltr'>has</span> <span class='ocrx_word' id='word_1_53' title='bbox 919 1103 1104 1194; x_wconf 85' lang='lat' dir='ltr'>inprimis</span> <span class='ocrx_word' id='word_1_54' title='bbox 1120 1099 1346 1190; x_wconf 84' lang='lat' dir='ltr'>inviolatas,</span> <span class='ocrx_word' id='word_1_55' title='bbox 1368 1122 1681 1196; x_wconf 87' lang='lat' dir='ltr'>securosqueesse</span> 
     </span>
     <span class='ocr_line' id='line_1_8' title="bbox 388 1199 1682 1300; baseline 0.007 -27"><span class='ocrx_word' id='word_1_56' title='bbox 388 1204 566 1277; x_wconf 80' lang='lat' dir='ltr'><em>sinerent.</em></span> <span class='ocrx_word' id='word_1_57' title='bbox 585 1203 742 1278; x_wconf 86' lang='lat' dir='ltr'><strong>Orosius</strong></span> <span class='ocrx_word' id='word_1_58' title='bbox 760 1201 847 1277; x_wconf 76' lang='lat' dir='ltr'>Lib.</span> <span class='ocrx_word' id='word_1_59' title='bbox 853 1199 962 1274; x_wconf 92' lang='lat' dir='ltr'>VII</span> <span class='ocrx_word' id='word_1_60' title='bbox 974 1221 1057 1297; x_wconf 87' lang='lat' dir='ltr'>cap</span> <span class='ocrx_word' id='word_1_61' title='bbox 1077 1224 1136 1300; x_wconf 84' lang='lat'>39</span> <span class='ocrx_word' id='word_1_62' title='bbox 1162 1202 1287 1299; x_wconf 65' lang='lat' dir='ltr'>gQuid</span> <span class='ocrx_word' id='word_1_63' title='bbox 1316 1203 1452 1298; x_wconf 92' lang='lat' dir='ltr'>quod</span> <span class='ocrx_word' id='word_1_64' title='bbox 1443 1203 1515 1298; x_wconf 78' lang='lat' dir='ltr'>ipsi</span> <span class='ocrx_word' id='word_1_65' title='bbox 1539 1205 1682 1282; x_wconf 88' lang='lat' dir='ltr'>milites</span> 
     </span>
     <span class='ocr_line' id='line_1_9' title="bbox 388 1303 1682 1415; baseline 0.009 -40"><span class='ocrx_word' id='word_1_66' title='bbox 388 1325 467 1378; x_wconf 92' lang='lat' dir='ltr'>non</span> <span class='ocrx_word' id='word_1_67' title='bbox 483 1309 601 1379; x_wconf 87' lang='lat' dir='ltr'>semel</span> <span class='ocrx_word' id='word_1_68' title='bbox 619 1329 711 1415; x_wconf 83' lang='lat' dir='ltr'>quos</span> <span class='ocrx_word' id='word_1_69' title='bbox 729 1327 881 1380; x_wconf 88' lang='lat' dir='ltr'>servare</span> <span class='ocrx_word' id='word_1_70' title='bbox 899 1303 1127 1401; x_wconf 86' lang='lat' dir='ltr'>cupiebant,</span> <span class='ocrx_word' id='word_1_71' title='bbox 1148 1307 1217 1378; x_wconf 93' lang='lat' dir='ltr'>hos</span> <span class='ocrx_word' id='word_1_72' title='bbox 1235 1305 1284 1378; x_wconf 88' lang='lat' dir='ltr'>ad</span> <span class='ocrx_word' id='word_1_73' title='bbox 1301 1303 1493 1379; x_wconf 89' lang='lat' dir='ltr'>Ecclesias</span> <span class='ocrx_word' id='word_1_74' title='bbox 1511 1307 1682 1386; x_wconf 86' lang='lat' dir='ltr'>adduce-</span> 
     </span>
     <span class='ocr_line' id='line_1_10' title="bbox 294 1402 1684 1506; baseline 0.006 -27"><span class='ocrx_word' id='word_1_75' title='bbox 294 1417 298 1423; x_wconf 84' lang='lat'><em>&#39;</em></span> <span class='ocrx_word' id='word_1_76' title='bbox 390 1402 513 1494; x_wconf 90' lang='lat' dir='ltr'>bant,</span> <span class='ocrx_word' id='word_1_77' title='bbox 547 1409 675 1506; x_wconf 90' lang='lat' dir='ltr'>sicque</span> <span class='ocrx_word' id='word_1_78' title='bbox 706 1406 783 1482; x_wconf 89' lang='lat' dir='ltr'>ab</span> <span class='ocrx_word' id='word_1_79' title='bbox 803 1431 867 1482; x_wconf 84' lang='lat' dir='ltr'>sua</span> <span class='ocrx_word' id='word_1_80' title='bbox 890 1407 1059 1503; x_wconf 90' lang='lat' dir='ltr'>ipsorum</span> <span class='ocrx_word' id='word_1_81' title='bbox 1093 1402 1276 1482; x_wconf 85' lang='lat' dir='ltr'>violentia</span> <span class='ocrx_word' id='word_1_82' title='bbox 1312 1421 1413 1482; x_wconf 89' lang='lat' dir='ltr'>tutos</span> <span class='ocrx_word' id='word_1_83' title='bbox 1444 1407 1684 1490; x_wconf 82' lang='lat' dir='ltr'>reddebant²</span> 
     </span>
     <span class='ocr_line' id='line_1_11' title="bbox 385 1507 1489 1605; baseline 0.002 -23"><span class='ocrx_word' id='word_1_84' title='bbox 385 1509 545 1583; x_wconf 87' lang='lat' dir='ltr'>Hieron.</span> <span class='ocrx_word' id='word_1_85' title='bbox 564 1511 635 1604; x_wconf 81' lang='lat' dir='ltr'>Ep</span> <span class='ocrx_word' id='word_1_86' title='bbox 651 1509 702 1583; x_wconf 87' lang='lat' dir='ltr'>ad</span> <span class='ocrx_word' id='word_1_87' title='bbox 716 1511 963 1605; x_wconf 82' lang='lat' dir='ltr'>Principiam,</span> <span class='ocrx_word' id='word_1_88' title='bbox 977 1511 1127 1584; x_wconf 88' lang='lat' dir='ltr'>Sozam.</span> <span class='ocrx_word' id='word_1_89' title='bbox 1146 1507 1234 1582; x_wconf 85' lang='lat' dir='ltr'><em>Lib.</em></span> <span class='ocrx_word' id='word_1_90' title='bbox 1241 1509 1311 1584; x_wconf 86' lang='lat' dir='ltr'>IX</span> <span class='ocrx_word' id='word_1_91' title='bbox 1325 1529 1409 1605; x_wconf 83' lang='lat' dir='ltr'>rap.</span> <span class='ocrx_word' id='word_1_92' title='bbox 1429 1534 1489 1587; x_wconf 91' lang='grc' dir='ltr'>ιο.</span> 
     </span>
     <span class='ocr_line' id='line_1_12' title="bbox 311 1611 1685 1710; baseline 0.007 -26"><span class='ocrx_word' id='word_1_93' title='bbox 311 1645 313 1648; x_wconf 40' lang='lat'><em>⁴</em></span> <span class='ocrx_word' id='word_1_94' title='bbox 397 1642 403 1650; x_wconf 40' lang='grc' dir='ltr'>ι</span> <span class='ocrx_word' id='word_1_95' title='bbox 442 1614 511 1686; x_wconf 85' lang='lat' dir='ltr'>lii.</span> <span class='ocrx_word' id='word_1_96' title='bbox 539 1613 682 1688; x_wconf 86' lang='lat' dir='ltr'>Adhaec</span> <span class='ocrx_word' id='word_1_97' title='bbox 699 1613 881 1710; x_wconf 86' lang='lat' dir='ltr'>deinceps</span> <span class='ocrx_word' id='word_1_98' title='bbox 898 1615 1033 1689; x_wconf 89' lang='lat' dir='ltr'>eodem</span> <span class='ocrx_word' id='word_1_99' title='bbox 1052 1611 1276 1710; x_wconf 86' lang='lat' dir='ltr'>religionis,</span> <span class='ocrx_word' id='word_1_100' title='bbox 1309 1634 1355 1686; x_wconf 87' lang='lat' dir='ltr'>nc</span> <span class='ocrx_word' id='word_1_101' title='bbox 1374 1613 1525 1709; x_wconf 88' lang='lat' dir='ltr'>pietatis</span> <span class='ocrx_word' id='word_1_102' title='bbox 1542 1613 1685 1695; x_wconf 87' lang='lat' dir='ltr'>intuitu</span> 
     </span>
     <span class='ocr_line' id='line_1_13' title="bbox 377 1715 1686 1812; baseline 0.005 -24"><span class='ocrx_word' id='word_1_103' title='bbox 377 1734 547 1788; x_wconf 79' lang='lat' dir='ltr'>omnem</span> <span class='ocrx_word' id='word_1_104' title='bbox 571 1733 701 1791; x_wconf 90' lang='lat' dir='ltr'>actum</span> <span class='ocrx_word' id='word_1_105' title='bbox 724 1715 953 1812; x_wconf 77' lang='lat' dir='ltr'>profanum,</span> <span class='ocrx_word' id='word_1_106' title='bbox 951 1748 953 1754; x_wconf 95' lang='lat'><em>·</em></span> <span class='ocrx_word' id='word_1_107' title='bbox 984 1739 1031 1790; x_wconf 91' lang='lat' dir='ltr'>ac</span> <span class='ocrx_word' id='word_1_108' title='bbox 1062 1715 1186 1788; x_wconf 91' lang='lat' dir='ltr'>minus</span> <span class='ocrx_word' id='word_1_109' title='bbox 1214 1716 1415 1791; x_wconf 82' lang='lat' dir='ltr'>decentem</span> <span class='ocrx_word' id='word_1_110' title='bbox 1445 1717 1482 1792; x_wconf 94' lang='lat' dir='ltr'>in</span> <span class='ocrx_word' id='word_1_111' title='bbox 1498 1715 1686 1795; x_wconf 83' lang='lat' dir='ltr'>Ecclesiis</span> 
     </span>
     <span class='ocr_line' id='line_1_14' title="bbox 386 1815 1686 1909; baseline 0.007 -20.035"><span class='ocrx_word' id='word_1_112' title='bbox 386 1817 563 1891; x_wconf 83' lang='lat' dir='ltr'>exerceri</span> <span class='ocrx_word' id='word_1_113' title='bbox 583 1819 775 1894; x_wconf 89' lang='lat' dir='ltr'>canonicis</span> <span class='ocrx_word' id='word_1_114' title='bbox 791 1815 1057 1893; x_wconf 77' lang='lat' dir='ltr'>sanctionibus</span> <span class='ocrx_word' id='word_1_115' title='bbox 1073 1817 1320 1891; x_wconf 84' lang='lat' dir='ltr'>interdictum</span> <span class='ocrx_word' id='word_1_116' title='bbox 1338 1835 1407 1893; x_wconf 89' lang='lat' dir='ltr'>est</span> <span class='ocrx_word' id='word_1_117' title='bbox 1416 1819 1686 1909; x_wconf 87' lang='lat' dir='ltr'>Quamobrem</span> 
     </span>
     <span class='ocr_line' id='line_1_15' title="bbox 387 1913 1685 2020; baseline 0.005 -28"><span class='ocrx_word' id='word_1_118' title='bbox 387 1913 580 2020; x_wconf 76' lang='lat' dir='ltr'>(**)·quunr</span> <span class='ocrx_word' id='word_1_119' title='bbox 607 1922 750 2016; x_wconf 82' lang='lat' dir='ltr'>templo</span> <span class='ocrx_word' id='word_1_120' title='bbox 778 1920 829 1994; x_wconf 88' lang='lat' dir='ltr'>ad</span> <span class='ocrx_word' id='word_1_121' title='bbox 858 1922 923 1997; x_wconf 86' lang='lat' dir='ltr'>har</span> <span class='ocrx_word' id='word_1_122' title='bbox 939 1919 1091 2016; x_wconf 73' lang='lat' dir='ltr'>fuerint</span> <span class='ocrx_word' id='word_1_123' title='bbox 1107 1916 1249 1994; x_wconf 85' lang='lat' dir='ltr'>Divino</span> <span class='ocrx_word' id='word_1_124' title='bbox 1264 1919 1424 1994; x_wconf 85' lang='lat' dir='ltr'>Numinr&#39;</span> <span class='ocrx_word' id='word_1_125' title='bbox 1453 1939 1685 2015; x_wconf 81' lang='lat' dir='ltr'>consecrata,</span> 
     </span>
     <span class='ocr_line' id='line_1_16' title="bbox 383 2021 1689 2119; baseline 0.007 -26.007"><span class='ocrx_word' id='word_1_126' title='bbox 383 2038 433 2096; x_wconf 82' lang='lat' dir='ltr'>ut</span> <span class='ocrx_word' id='word_1_127' title='bbox 461 2025 577 2097; x_wconf 88' lang='lat' dir='ltr'>ineis</span> <span class='ocrx_word' id='word_1_128' title='bbox 599 2021 819 2099; x_wconf 85' lang='lat' dir='ltr'>cultusDeo</span> <span class='ocrx_word' id='word_1_129' title='bbox 847 2047 925 2098; x_wconf 89' lang='lat' dir='ltr'>curn</span> <span class='ocrx_word' id='word_1_130' title='bbox 957 2021 1087 2098; x_wconf 85' lang='lat' dir='ltr'>debita</span> <span class='ocrx_word' id='word_1_131' title='bbox 1111 2028 1349 2097; x_wconf 87' lang='lat' dir='ltr'>ueneratione</span> <span class='ocrx_word' id='word_1_132' title='bbox 1362 2025 1540 2119; x_wconf 82' lang='lat' dir='ltr'>pacificus</span> <span class='ocrx_word' id='word_1_133' title='bbox 1563 2029 1689 2102; x_wconf 74' lang='lat' dir='ltr'>claris·</span> 
     </span>
     <span class='ocr_line' id='line_1_17' title="bbox 380 2122 1683 2224; baseline 0.002 -24"><span class='ocrx_word' id='word_1_134' title='bbox 380 2126 500 2200; x_wconf 68' lang='lat' dir='ltr'>rinna</span> <span class='ocrx_word' id='word_1_135' title='bbox 518 2127 665 2220; x_wconf 71' lang='lat' dir='ltr'>pietate</span> <span class='ocrx_word' id='word_1_136' title='bbox 697 2124 943 2215; x_wconf 83' lang='lat' dir='ltr'>exhibeatur,</span> <span class='ocrx_word' id='word_1_137' title='bbox 970 2139 1013 2199; x_wconf 92' lang='lat' dir='ltr'>ut</span> <span class='ocrx_word' id='word_1_138' title='bbox 1045 2124 1227 2221; x_wconf 88' lang='lat' dir='ltr'>praeclare</span> <span class='ocrx_word' id='word_1_139' title='bbox 1245 2122 1338 2222; x_wconf 88' lang='lat' dir='ltr'>Syn.</span> <span class='ocrx_word' id='word_1_140' title='bbox 1350 2126 1475 2202; x_wconf 89' lang='lat' dir='ltr'>Tolet</span> <span class='ocrx_word' id='word_1_141' title='bbox 1498 2129 1683 2224; x_wconf 77' lang='lat' dir='ltr'>an.1565</span> 
     </span>
     <span class='ocr_line' id='line_1_18' title="bbox 345 2225 1688 2329; baseline 0.006 -31"><span class='ocrx_word' id='word_1_142' title='bbox 345 2274 347 2279; x_wconf 92' lang='lat'>-</span> <span class='ocrx_word' id='word_1_143' title='bbox 391 2227 492 2300; x_wconf 86' lang='lat' dir='ltr'>Aot.</span> <span class='ocrx_word' id='word_1_144' title='bbox 504 2227 564 2302; x_wconf 85' lang='lat' dir='ltr'>ll</span> <span class='ocrx_word' id='word_1_145' title='bbox 575 2226 668 2321; x_wconf 81' lang='lat' dir='ltr'>Ref</span> <span class='ocrx_word' id='word_1_146' title='bbox 684 2248 765 2324; x_wconf 84' lang='lat' dir='ltr'>cap.</span> <span class='ocrx_word' id='word_1_147' title='bbox 782 2227 900 2329; x_wconf 77' lang='lat'>21(*)</span> <span class='ocrx_word' id='word_1_148' title='bbox 930 2226 979 2302; x_wconf 91' lang='lat' dir='ltr'>ab</span> <span class='ocrx_word' id='word_1_149' title='bbox 997 2225 1206 2316; x_wconf 82' lang='lat' dir='ltr'>Ecclesns</span> <span class='ocrx_word' id='word_1_150' title='bbox 1241 2243 1445 2324; x_wconf 87' lang='lat' dir='ltr'>eorumque</span> <span class='ocrx_word' id='word_1_151' title='bbox 1473 2228 1608 2318; x_wconf 84' lang='lat' dir='ltr'>atriis,</span> <span class='ocrx_word' id='word_1_152' title='bbox 1642 2249 1688 2306; x_wconf 87' lang='lat' dir='ltr'>et</span> 
     </span>
     <span class='ocr_line' id='line_1_19' title="bbox 390 2283 1687 2452; baseline 0.005 -51"><span class='ocrx_word' id='word_1_153' title='bbox 390 2329 623 2403; x_wconf 87' lang='lat' dir='ltr'>coemeteriis</span> <span class='ocrx_word' id='word_1_154' title='bbox 645 2330 805 2403; x_wconf 78' lang='lat' dir='ltr'>romnis</span> <span class='ocrx_word' id='word_1_155' title='bbox 828 2328 1077 2452; x_wconf 82' lang='lat' dir='ltr'>negotiatio,</span> <span class='ocrx_word' id='word_1_156' title='bbox 1096 2346 1135 2403; x_wconf 87' lang='lat' dir='ltr'>et</span> <span class='ocrx_word' id='word_1_157' title='bbox 1150 2329 1321 2404; x_wconf 88' lang='lat' dir='ltr'>venditio</span> <span class='ocrx_word' id='word_1_158' title='bbox 1336 2329 1527 2403; x_wconf 87' lang='lat' dir='ltr'>arcenda.</span> <span class='ocrx_word' id='word_1_159' title='bbox 1546 2283 1687 2408; x_wconf 57' lang='lat' dir='ltr'>Eccle-</span> 
     </span>
     <span class='ocr_line' id='line_1_20' title="bbox 384 2428 1763 2531; baseline 0.004 -29.039"><span class='ocrx_word' id='word_1_160' title='bbox 384 2428 450 2504; x_wconf 74' lang='lat' dir='ltr'>sia</span> <span class='ocrx_word' id='word_1_161' title='bbox 478 2433 581 2506; x_wconf 90' lang='lat' dir='ltr'>enim</span> <span class='ocrx_word' id='word_1_162' title='bbox 612 2432 724 2506; x_wconf 85' lang='lat' dir='ltr'>locus</span> <span class='ocrx_word' id='word_1_163' title='bbox 740 2446 798 2509; x_wconf 80' lang='lat' dir='ltr'>est</span> <span class='ocrx_word' id='word_1_164' title='bbox 819 2436 1029 2524; x_wconf 85' lang='lat' dir='ltr'>arationis,</span> <span class='ocrx_word' id='word_1_165' title='bbox 1060 2455 1126 2505; x_wconf 92' lang='lat' dir='ltr'>non</span> <span class='ocrx_word' id='word_1_166' title='bbox 1153 2435 1443 2528; x_wconf 83' lang='lat' dir='ltr'>negotiationis,</span> <span class='ocrx_word' id='word_1_167' title='bbox 1472 2430 1529 2504; x_wconf 91' lang='grc' dir='ltr'>ιιιι</span> <span class='ocrx_word' id='word_1_168' title='bbox 1561 2432 1685 2531; x_wconf 89' lang='lat' dir='ltr'>loqui·</span> <span class='ocrx_word' id='word_1_169' title='bbox 1733 2510 1763 2521; x_wconf 62' lang='grc'><strong><em>,</em></strong></span> 
     </span>
     <span class='ocr_line' id='line_1_21' title="bbox 385 2529 1693 2653; baseline 0.005 -46.046"><span class='ocrx_word' id='word_1_170' title='bbox 385 2547 458 2607; x_wconf 92' lang='lat' dir='ltr'>tur</span> <span class='ocrx_word' id='word_1_171' title='bbox 475 2535 566 2631; x_wconf 90' lang='lat' dir='ltr'>Syn.</span> <span class='ocrx_word' id='word_1_172' title='bbox 578 2534 759 2610; x_wconf 86' lang='lat' dir='ltr'>Truliana</span> <span class='ocrx_word' id='word_1_173' title='bbox 774 2534 867 2610; x_wconf 89' lang='lat' dir='ltr'>Can.</span> <span class='ocrx_word' id='word_1_174' title='bbox 884 2555 1052 2610; x_wconf 68' lang='lat' dir='ltr'>asnar.</span> <span class='ocrx_word' id='word_1_175' title='bbox 1069 2529 1150 2637; x_wconf 77' lang='lat'>(**)</span> <span class='ocrx_word' id='word_1_176' title='bbox 1166 2534 1453 2653; x_wconf 76' lang='lat' dir='ltr'>Negotiationes</span> <span class='ocrx_word' id='word_1_177' title='bbox 1471 2531 1626 2625; x_wconf 88' lang='lat' dir='ltr'>itidem,</span> <span class='ocrx_word' id='word_1_178' title='bbox 1642 2551 1693 2639; x_wconf 84' lang='lat' dir='ltr'>et·</span> 
     </span>
     <span class='ocr_line' id='line_1_22' title="bbox 382 2626 1682 2744; baseline 0.006 -38"><span class='ocrx_word' id='word_1_179' title='bbox 382 2640 582 2713; x_wconf 84' lang='lat' dir='ltr'>..nundinas</span> <span class='ocrx_word' id='word_1_180' title='bbox 600 2638 649 2713; x_wconf 91' lang='lat' dir='ltr'>ab</span> <span class='ocrx_word' id='word_1_181' title='bbox 664 2639 846 2715; x_wconf 89' lang='lat' dir='ltr'>Ecclesiis</span> <span class='ocrx_word' id='word_1_182' title='bbox 860 2641 1035 2739; x_wconf 84' lang='lat' dir='ltr'>penitus,</span> <span class='ocrx_word' id='word_1_183' title='bbox 1057 2654 1096 2713; x_wconf 90' lang='lat' dir='ltr'>et</span> <span class='ocrx_word' id='word_1_184' title='bbox 1116 2639 1346 2744; x_wconf 83' lang='lat' dir='ltr'>coemeteriis</span> <span class='ocrx_word' id='word_1_185' title='bbox 1369 2638 1592 2734; x_wconf 83' lang='lat' dir='ltr'>relegandos</span> <span class='ocrx_word' id='word_1_186' title='bbox 1610 2626 1682 2713; x_wconf 84' lang='lat' dir='ltr'>vo·</span> 
     </span>
     <span class='ocr_line' id='line_1_23' title="bbox 393 2717 1681 2839; baseline 0.004 -28"><span class='ocrx_word' id='word_1_187' title='bbox 393 2739 464 2815; x_wconf 92' lang='lat' dir='ltr'>luit</span> <span class='ocrx_word' id='word_1_188' title='bbox 480 2749 571 2839; x_wconf 80' lang='lat' dir='ltr'>Syn</span> <span class='ocrx_word' id='word_1_189' title='bbox 584 2742 723 2816; x_wconf 88' lang='lat' dir='ltr'>Vallis·</span> <span class='ocrx_word' id='word_1_190' title='bbox 728 2744 819 2816; x_wconf 89' lang='lat' dir='ltr'>olet</span> <span class='ocrx_word' id='word_1_191' title='bbox 833 2741 927 2837; x_wconf 82' lang='lat' dir='ltr'>Cap</span> <span class='ocrx_word' id='word_1_192' title='bbox 944 2733 1140 2830; x_wconf 88' lang='lat' dir='ltr'><em>XVIII,</em></span> <span class='ocrx_word' id='word_1_193' title='bbox 1147 2717 1272 2838; x_wconf 78' lang='lat' dir='ltr'>idque</span> <span class='ocrx_word' id='word_1_194' title='bbox 1289 2739 1358 2815; x_wconf 87' lang='lat' dir='ltr'>sub</span> <span class='ocrx_word' id='word_1_195' title='bbox 1375 2740 1681 2816; x_wconf 68' lang='lat' dir='ltr'>excommunica</span> 
     </span>
     <span class='ocr_line' id='line_1_24' title="bbox 386 2837 1681 2940; baseline 0.003 -26.019"><span class='ocrx_word' id='word_1_196' title='bbox 386 2841 507 2917; x_wconf 86' lang='lat' dir='ltr'>tionis</span> <span class='ocrx_word' id='word_1_197' title='bbox 525 2868 652 2940; x_wconf 88' lang='lat' dir='ltr'>poena.</span> <span class='ocrx_word' id='word_1_198' title='bbox 678 2844 888 2918; x_wconf 81' lang='lat' dir='ltr'>Sacrisrae</span> <span class='ocrx_word' id='word_1_199' title='bbox 887 2859 1049 2931; x_wconf 85' lang='lat' dir='ltr'>antem,</span> <span class='ocrx_word' id='word_1_200' title='bbox 1068 2844 1339 2940; x_wconf 87' lang='lat' dir='ltr'>progreditur,</span> <span class='ocrx_word' id='word_1_201' title='bbox 1367 2846 1450 2917; x_wconf 80' lang='lat' dir='ltr'>sive</span> <span class='ocrx_word' id='word_1_202' title='bbox 1471 2837 1681 2918; x_wconf 74' lang='lat' dir='ltr'>Thesauru-</span> 
     </span>
     <span class='ocr_line' id='line_1_25' title="bbox 350 2943 1706 3042; baseline 0.002 -25"><span class='ocrx_word' id='word_1_203' title='bbox 350 3023 352 3026; x_wconf 64' lang='grc'><strong>,</strong></span> <span class='ocrx_word' id='word_1_204' title='bbox 392 2946 447 3017; x_wconf 89' lang='lat' dir='ltr'>rii</span> <span class='ocrx_word' id='word_1_205' title='bbox 470 2947 767 3036; x_wconf 82' lang='lat' dir='ltr'>Cathedrarunr,</span> <span class='ocrx_word' id='word_1_206' title='bbox 789 2960 838 3021; x_wconf 85' lang='lat' dir='ltr'>et</span> <span class='ocrx_word' id='word_1_207' title='bbox 862 2943 948 3021; x_wconf 86' lang='lat' dir='ltr'>Call</span> <span class='ocrx_word' id='word_1_208' title='bbox 917 2948 1182 3042; x_wconf 77' lang='lat' dir='ltr'>llegiararunr,</span> <span class='ocrx_word' id='word_1_209' title='bbox 1217 2968 1261 3021; x_wconf 87' lang='lat' dir='ltr'>aa</span> <span class='ocrx_word' id='word_1_210' title='bbox 1269 2947 1458 3021; x_wconf 83' lang='lat' dir='ltr'>Rectores</span> <span class='ocrx_word' id='word_1_211' title='bbox 1474 2943 1682 3042; x_wconf 83' lang='lat' dir='ltr'>Paraohia-</span> <span class='ocrx_word' id='word_1_212' title='bbox 1705 2954 1706 2958; x_wconf 75' lang='grc'>’</span> 
     </span>
     <span class='ocr_line' id='line_1_26' title="bbox 390 3030 1682 3145; baseline -0.001 -24"><span class='ocrx_word' id='word_1_213' title='bbox 390 3045 484 3122; x_wconf 78' lang='lat' dir='ltr'>iiam</span> <span class='ocrx_word' id='word_1_214' title='bbox 498 3049 750 3125; x_wconf 82' lang='lat' dir='ltr'>Ecclesiaruur</span> <span class='ocrx_word' id='word_1_215' title='bbox 779 3030 850 3121; x_wconf 78' lang='lat' dir='ltr'>dil</span> <span class='ocrx_word' id='word_1_216' title='bbox 836 3065 981 3145; x_wconf 76' lang='lat' dir='ltr'>egenter</span> <span class='ocrx_word' id='word_1_217' title='bbox 1012 3047 1239 3139; x_wconf 85' lang='lat' dir='ltr'>attendant,</span> <span class='ocrx_word' id='word_1_218' title='bbox 1273 3063 1314 3121; x_wconf 84' lang='lat' dir='ltr'>ut</span> <span class='ocrx_word' id='word_1_219' title='bbox 1342 3038 1592 3145; x_wconf 84' lang='lat' dir='ltr'>negotiatores</span> <span class='ocrx_word' id='word_1_220' title='bbox 1619 3048 1682 3121; x_wconf 85' lang='lat' dir='ltr'>hu·</span> 
     </span>
     <span class='ocr_line' id='line_1_27' title="bbox 393 3147 1682 3272; baseline 0.001 -47"><span class='ocrx_word' id='word_1_221' title='bbox 393 3147 555 3269; x_wconf 73' lang='lat' dir='ltr'>yurnradi</span> <span class='ocrx_word' id='word_1_222' title='bbox 567 3150 616 3225; x_wconf 88' lang='lat' dir='ltr'>ab</span> <span class='ocrx_word' id='word_1_223' title='bbox 634 3151 731 3225; x_wconf 86' lang='lat' dir='ltr'>Eool</span> <span class='ocrx_word' id='word_1_224' title='bbox 730 3154 820 3226; x_wconf 86' lang='lat' dir='ltr'>eriis</span> <span class='ocrx_word' id='word_1_225' title='bbox 842 3152 1048 3272; x_wconf 52' lang='lat' dir='ltr'>abjiciant:</span> <span class='ocrx_word' id='word_1_226' title='bbox 1079 3152 1230 3224; x_wconf 85' lang='lat' dir='ltr'>Revera</span> <span class='ocrx_word' id='word_1_227' title='bbox 1250 3151 1396 3225; x_wconf 89' lang='lat' dir='ltr'>Domus</span> <span class='ocrx_word' id='word_1_228' title='bbox 1414 3149 1516 3236; x_wconf 89' lang='lat' dir='ltr'>Dei,</span> <span class='ocrx_word' id='word_1_229' title='bbox 1547 3151 1682 3226; x_wconf 92' lang='lat' dir='ltr'>domus</span> 
     </span>
     <span class='ocr_line' id='line_1_28' title="bbox 392 3249 1678 3370; baseline -0.001 -43"><span class='ocrx_word' id='word_1_230' title='bbox 392 3254 575 3328; x_wconf 85' lang='lat' dir='ltr'>orationis</span> <span class='ocrx_word' id='word_1_231' title='bbox 593 3270 677 3345; x_wconf 91' lang='lat' dir='ltr'>est,</span> <span class='ocrx_word' id='word_1_232' title='bbox 699 3278 775 3328; x_wconf 88' lang='lat' dir='ltr'>non</span> <span class='ocrx_word' id='word_1_233' title='bbox 795 3254 1087 3353; x_wconf 86' lang='lat' dir='ltr'>negotiationis,</span> <span class='ocrx_word' id='word_1_234' title='bbox 1110 3254 1212 3327; x_wconf 90' lang='lat' dir='ltr'>unde</span> <span class='ocrx_word' id='word_1_235' title='bbox 1230 3252 1320 3370; x_wconf 81' lang='lat' dir='ltr'>Syn.</span> <span class='ocrx_word' id='word_1_236' title='bbox 1337 3249 1489 3325; x_wconf 87' lang='lat' dir='ltr'>Valent</span> <span class='ocrx_word' id='word_1_237' title='bbox 1502 3273 1563 3327; x_wconf 89' lang='lat' dir='ltr'>an.</span> <span class='ocrx_word' id='word_1_238' title='bbox 1582 3255 1678 3349; x_wconf 78' lang='lat'>1565</span> 
     </span>
     <span class='ocr_line' id='line_1_29' title="bbox 391 3353 1681 3453; baseline -0.001 -24"><span class='ocrx_word' id='word_1_239' title='bbox 391 3353 500 3433; x_wconf 79' lang='lat' dir='ltr'>Sese.</span> <span class='ocrx_word' id='word_1_240' title='bbox 515 3356 590 3433; x_wconf 87' lang='lat' dir='ltr'>IV</span> <span class='ocrx_word' id='word_1_241' title='bbox 609 3357 688 3433; x_wconf 84' lang='lat' dir='ltr'>Tit.</span> <span class='ocrx_word' id='word_1_242' title='bbox 703 3358 778 3435; x_wconf 86' lang='grc' dir='ltr'>ΙΙΙ</span> <span class='ocrx_word' id='word_1_243' title='bbox 787 3378 867 3453; x_wconf 83' lang='lat' dir='ltr'>cap</span> <span class='ocrx_word' id='word_1_244' title='bbox 886 3359 908 3430; x_wconf 90' lang='lat'>8</span> <span class='ocrx_word' id='word_1_245' title='bbox 939 3357 1032 3432; x_wconf 88' lang='lat' dir='ltr'>alias</span> <span class='ocrx_word' id='word_1_246' title='bbox 1064 3380 1111 3449; x_wconf 82' lang='grc' dir='ltr'>ιο</span> <span class='ocrx_word' id='word_1_247' title='bbox 1141 3355 1325 3452; x_wconf 85' lang='lat' dir='ltr'>praecepit</span> <span class='ocrx_word' id='word_1_248' title='bbox 1352 3353 1419 3427; x_wconf 86' lang='lat' dir='ltr'>sub</span> <span class='ocrx_word' id='word_1_249' title='bbox 1442 3359 1681 3428; x_wconf 83' lang='lat' dir='ltr'>excommuni-</span> 
     </span>
     <span class='ocr_line' id='line_1_30' title="bbox 391 3455 1682 3629; baseline -0.002 -95"><span class='ocrx_word' id='word_1_250' title='bbox 391 3462 552 3534; x_wconf 80' lang='lat' dir='ltr'>rationis</span> <span class='ocrx_word' id='word_1_251' title='bbox 569 3480 703 3554; x_wconf 85' lang='lat' dir='ltr'>poena,</span> <span class='ocrx_word' id='word_1_252' title='bbox 735 3486 777 3537; x_wconf 85' lang='lat' dir='ltr'>ne</span> <span class='ocrx_word' id='word_1_253' title='bbox 803 3465 843 3535; x_wconf 90' lang='lat' dir='ltr'>in</span> <span class='ocrx_word' id='word_1_254' title='bbox 866 3461 1043 3555; x_wconf 81' lang='lat' dir='ltr'>templ,</span> <span class='ocrx_word' id='word_1_255' title='bbox 978 3463 1013 3531; x_wconf 85' lang='lat' dir='ltr'>is</span> <span class='ocrx_word' id='word_1_256' title='bbox 1052 3461 1183 3533; x_wconf 79' lang='lat' dir='ltr'>eriam</span> <span class='ocrx_word' id='word_1_257' title='bbox 1199 3456 1475 3629; x_wconf 76' lang='lat' dir='ltr'>Mananteriis,</span> <span class='ocrx_word' id='word_1_258' title='bbox 1496 3455 1682 3575; x_wconf 79' lang='lat' dir='ltr'>Reliquiae</span> 
     </span>
     <span class='ocr_line' id='line_1_31' title="bbox 388 3540 1682 3659; baseline 0.002 -26"><span class='ocrx_word' id='word_1_259' title='bbox 388 3560 613 3637; x_wconf 73' lang='lat' dir='ltr'>Santonorum</span> <span class='ocrx_word' id='word_1_260' title='bbox 640 3578 751 3653; x_wconf 78' lang='lat' dir='ltr'>extra</span> <span class='ocrx_word' id='word_1_261' title='bbox 775 3568 891 3658; x_wconf 84' lang='lat' dir='ltr'>ipsum</span> <span class='ocrx_word' id='word_1_262' title='bbox 906 3563 965 3636; x_wconf 91' lang='lat' dir='ltr'>Al</span> <span class='ocrx_word' id='word_1_263' title='bbox 948 3566 1047 3659; x_wconf 84' lang='lat' dir='ltr'>ltare</span> <span class='ocrx_word' id='word_1_264' title='bbox 1068 3560 1316 3635; x_wconf 75' lang='lat' dir='ltr'>educantur</span> <span class='ocrx_word' id='word_1_265' title='bbox 1302 3582 1340 3631; x_wconf 90' lang='grc' dir='ltr'>ιιι</span> <span class='ocrx_word' id='word_1_266' title='bbox 1373 3559 1512 3649; x_wconf 88' lang='lat' dir='ltr'>lucam,</span> <span class='ocrx_word' id='word_1_267' title='bbox 1503 3540 1613 3633; x_wconf 85' lang='lat' dir='ltr'>nbi</span> <span class='ocrx_word' id='word_1_268' title='bbox 1630 3559 1682 3635; x_wconf 87' lang='lat' dir='ltr'>ad</span> 
     </span>
     <span class='ocr_line' id='line_1_32' title="bbox 389 3659 1094 3767; baseline -0.007 -28"><span class='ocrx_word' id='word_1_269' title='bbox 389 3679 566 3764; x_wconf 69' lang='lat' dir='ltr'>quaestum</span> <span class='ocrx_word' id='word_1_270' title='bbox 577 3666 690 3760; x_wconf 85' lang='lat' dir='ltr'>popul</span> <span class='ocrx_word' id='word_1_271' title='bbox 688 3692 707 3740; x_wconf 91' lang='lat' dir='ltr'>o</span> <span class='ocrx_word' id='word_1_272' title='bbox 722 3668 801 3738; x_wconf 80' lang='lat' dir='ltr'>sint</span> <span class='ocrx_word' id='word_1_273' title='bbox 816 3665 1032 3763; x_wconf 73' lang='lat' dir='ltr'>propositae.</span> <span class='ocrx_word' id='word_1_274' title='bbox 1037 3660 1076 3764; x_wconf 84' lang='lat'>(*</span> <span class='ocrx_word' id='word_1_275' title='bbox 1078 3659 1094 3767; x_wconf 90' lang='lat'>)</span> 
     </span>
    </p>

    <p class='ocr_par' dir='ltr' id='par_1_3' title="bbox 390 3763 1763 4175">
     <span class='ocr_line' id='line_1_33' title="bbox 443 3763 1679 3862; baseline -0.001 -20"><span class='ocrx_word' id='word_1_276' title='bbox 443 3792 467 3842; x_wconf 82' lang='lat' dir='ltr'>a</span> <span class='ocrx_word' id='word_1_277' title='bbox 494 3768 886 3862; x_wconf 83' lang='lat' dir='ltr'>Saecnlariajudicia,</span> <span class='ocrx_word' id='word_1_278' title='bbox 907 3765 1076 3840; x_wconf 85' lang='lat' dir='ltr'>maxime</span> <span class='ocrx_word' id='word_1_279' title='bbox 1101 3787 1193 3842; x_wconf 89' lang='lat' dir='ltr'>vero</span> <span class='ocrx_word' id='word_1_280' title='bbox 1219 3763 1463 3851; x_wconf 87' lang='lat' dir='ltr'>criminalia,</span> <span class='ocrx_word' id='word_1_281' title='bbox 1491 3786 1679 3861; x_wconf 75' lang='lat' dir='ltr'>quaecum</span> 
     </span>
     <span class='ocr_line' id='line_1_34' title="bbox 393 3793 1680 3965; baseline -0.002 -20"><span class='ocrx_word' id='word_1_282' title='bbox 393 3874 501 3947; x_wconf 88' lang='lat' dir='ltr'>irrita</span> <span class='ocrx_word' id='word_1_283' title='bbox 517 3793 728 3946; x_wconf 54' lang='lat' dir='ltr'>censenda*J</span> <span class='ocrx_word' id='word_1_284' title='bbox 730 3888 840 3960; x_wconf 91' lang='lat' dir='ltr'>sunt,</span> <span class='ocrx_word' id='word_1_285' title='bbox 864 3887 943 3944; x_wconf 91' lang='lat' dir='ltr'>tum</span> <span class='ocrx_word' id='word_1_286' title='bbox 963 3869 1216 3944; x_wconf 85' lang='lat' dir='ltr'>anathematis</span> <span class='ocrx_word' id='word_1_287' title='bbox 1224 3890 1387 3965; x_wconf 85' lang='lat' dir='ltr'>poenam</span> <span class='ocrx_word' id='word_1_288' title='bbox 1406 3866 1593 3940; x_wconf 87' lang='lat' dir='ltr'>adnexam</span> <span class='ocrx_word' id='word_1_289' title='bbox 1610 3871 1680 3943; x_wconf 87' lang='lat' dir='ltr'>ha-</span> 
     </span>
     <span class='ocr_line' id='line_1_35' title="bbox 391 3968 1763 4089; baseline -0.003 -40"><span class='ocrx_word' id='word_1_290' title='bbox 391 3972 511 4050; x_wconf 84' lang='lat' dir='ltr'>beot</span> <span class='ocrx_word' id='word_1_291' title='bbox 501 3999 538 4047; x_wconf 94' lang='lat' dir='ltr'>m</span> <span class='ocrx_word' id='word_1_292' title='bbox 558 3974 672 4048; x_wconf 85' lang='lat' dir='ltr'>iilos</span> <span class='ocrx_word' id='word_1_293' title='bbox 662 3980 908 4062; x_wconf 78' lang='lat' dir='ltr'>intentatam,</span> <span class='ocrx_word' id='word_1_294' title='bbox 924 3973 988 4073; x_wconf 92' lang='lat' dir='ltr'>qui</span> <span class='ocrx_word' id='word_1_295' title='bbox 1005 3974 1042 4046; x_wconf 91' lang='lat' dir='ltr'>in</span> <span class='ocrx_word' id='word_1_296' title='bbox 1061 3971 1265 4089; x_wconf 72' lang='lat' dir='ltr'>Ecclesiis,</span> <span class='ocrx_word' id='word_1_297' title='bbox 1280 3971 1343 4045; x_wconf 88' lang='lat' dir='ltr'>vel</span> <span class='ocrx_word' id='word_1_298' title='bbox 1360 3968 1590 4044; x_wconf 86' lang='lat' dir='ltr'>coemeteriis</span> <span class='ocrx_word' id='word_1_299' title='bbox 1606 3971 1680 4049; x_wconf 89' lang='lat' dir='ltr'>cri·</span> <span class='ocrx_word' id='word_1_300' title='bbox 1751 3973 1763 3984; x_wconf 85' lang='lat'><em>&#39;</em></span> 
     </span>
     <span class='ocr_line' id='line_1_36' title="bbox 390 4069 1681 4175; baseline -0.003 -24"><span class='ocrx_word' id='word_1_301' title='bbox 390 4079 548 4153; x_wconf 89' lang='lat' dir='ltr'>minalia</span> <span class='ocrx_word' id='word_1_302' title='bbox 566 4079 711 4171; x_wconf 91' lang='lat' dir='ltr'>judicia</span> <span class='ocrx_word' id='word_1_303' title='bbox 732 4100 910 4154; x_wconf 83' lang='lat' dir='ltr'>exercere</span> <span class='ocrx_word' id='word_1_304' title='bbox 929 4075 1229 4175; x_wconf 71' lang='lat' dir='ltr'>praesumserint:</span> <span class='ocrx_word' id='word_1_305' title='bbox 1251 4070 1343 4169; x_wconf 85' lang='lat' dir='ltr'>Cap</span> <span class='ocrx_word' id='word_1_306' title='bbox 1360 4092 1380 4167; x_wconf 82' lang='lat'><strong>5</strong></span> <span class='ocrx_word' id='word_1_307' title='bbox 1402 4070 1446 4147; x_wconf 85' lang='lat' dir='ltr'>de</span> <span class='ocrx_word' id='word_1_308' title='bbox 1462 4069 1681 4147; x_wconf 80' lang='lat' dir='ltr'>lrnrnunita·</span> 
     </span>
    </p>

    <p class='ocr_par' dir='ltr' id='par_1_4' title="bbox 303 4172 1693 4386">
     <span class='ocr_line' id='line_1_37' title="bbox 303 4172 1680 4282; baseline -0.001 -27"><span class='ocrx_word' id='word_1_309' title='bbox 303 4237 305 4241; x_wconf 84' lang='grc'>-</span> <span class='ocrx_word' id='word_1_310' title='bbox 390 4194 452 4271; x_wconf 79' lang='lat' dir='ltr'>te,</span> <span class='ocrx_word' id='word_1_311' title='bbox 474 4178 625 4282; x_wconf 77' lang='grc' dir='ltr'>(**)ιιιι</span> <span class='ocrx_word' id='word_1_312' title='bbox 648 4197 831 4257; x_wconf 87' lang='lat' dir='ltr'>consonat</span> <span class='ocrx_word' id='word_1_313' title='bbox 845 4180 935 4279; x_wconf 88' lang='lat' dir='ltr'>Syn</span> <span class='ocrx_word' id='word_1_314' title='bbox 949 4179 1087 4254; x_wconf 89' lang='lat' dir='ltr'>Vallis·</span> <span class='ocrx_word' id='word_1_315' title='bbox 1092 4178 1182 4254; x_wconf 89' lang='lat' dir='ltr'>olet.</span> <span class='ocrx_word' id='word_1_316' title='bbox 1197 4175 1407 4271; x_wconf 84' lang='lat' dir='ltr'>laudCap.</span> <span class='ocrx_word' id='word_1_317' title='bbox 1414 4172 1614 4269; x_wconf 87' lang='lat' dir='ltr'><em>XVIII</em></span> <span class='ocrx_word' id='word_1_318' title='bbox 1641 4190 1680 4253; x_wconf 87' lang='lat' dir='ltr'>et</span> 
     </span>
     <span class='ocr_line' id='line_1_38' title="bbox 391 4279 1693 4386; baseline -0.001 -27"><span class='ocrx_word' id='word_1_319' title='bbox 391 4285 511 4359; x_wconf 85' lang='lat' dir='ltr'>Lexl</span> <span class='ocrx_word' id='word_1_320' title='bbox 529 4282 604 4360; x_wconf 87' lang='lat' dir='ltr'>Tit.</span> <span class='ocrx_word' id='word_1_321' title='bbox 616 4283 659 4357; x_wconf 85' lang='lat' dir='ltr'><em>X</em></span> <span class='ocrx_word' id='word_1_322' title='bbox 662 4285 688 4357; x_wconf 86' lang='grc' dir='ltr'><em>Ι</em></span> <span class='ocrx_word' id='word_1_323' title='bbox 713 4285 864 4359; x_wconf 84' lang='lat' dir='ltr'>Partit.</span> <span class='ocrx_word' id='word_1_324' title='bbox 869 4284 912 4360; x_wconf 90' lang='grc' dir='ltr'>Ι.</span> <span class='ocrx_word' id='word_1_325' title='bbox 922 4279 979 4386; x_wconf 83' lang='grc'>(*)</span> <span class='ocrx_word' id='word_1_326' title='bbox 1688 4308 1693 4311; x_wconf 90' lang='grc'><strong><em>·</em></strong></span> 
     </span>
    </p>

    <p class='ocr_par' dir='ltr' id='par_1_5' title="bbox 404 4376 1680 4503">
     <span class='ocr_line' id='line_1_39' title="bbox 404 4376 1680 4503; baseline -0.001 -43.966"><span class='ocrx_word' id='word_1_327' title='bbox 404 4408 467 4482; x_wconf 81' lang='lat'>3</span> <span class='ocrx_word' id='word_1_328' title='bbox 493 4385 730 4462; x_wconf 89' lang='lat' dir='ltr'>Societatnm</span> <span class='ocrx_word' id='word_1_329' title='bbox 738 4386 939 4478; x_wconf 74' lang='lat' dir='ltr'>Concilio,</span> <span class='ocrx_word' id='word_1_330' title='bbox 965 4384 1173 4459; x_wconf 84' lang='lat' dir='ltr'>conciones</span> <span class='ocrx_word' id='word_1_331' title='bbox 1196 4383 1355 4471; x_wconf 87' lang='lat' dir='ltr'>civiles,</span> <span class='ocrx_word' id='word_1_332' title='bbox 1383 4376 1536 4503; x_wconf 82' lang='lat' dir='ltr'>publica</span> <span class='ocrx_word' id='word_1_333' title='bbox 1553 4382 1680 4479; x_wconf 86' lang='lat' dir='ltr'>parla-</span> 
     </span>
    </p>

    <p class='ocr_par' dir='ltr' id='par_1_6' title="bbox 314 4481 1691 4673">
     <span class='ocr_line' id='line_1_40' title="bbox 314 4481 1691 4667; baseline 0.002 -104"><span class='ocrx_word' id='word_1_334' title='bbox 314 4549 316 4557; x_wconf 72' lang='grc'>,</span> <span class='ocrx_word' id='word_1_335' title='bbox 388 4494 538 4631; x_wconf 71' lang='lat' dir='ltr'>mentae</span> <span class='ocrx_word' id='word_1_336' title='bbox 540 4488 683 4569; x_wconf 87' lang='lat' dir='ltr'>Cone.</span> <span class='ocrx_word' id='word_1_337' title='bbox 692 4490 868 4591; x_wconf 83' lang='lat' dir='ltr'>Lugdun.</span> <span class='ocrx_word' id='word_1_338' title='bbox 880 4488 975 4604; x_wconf 80' lang='lat' dir='ltr'>Cap.</span> <span class='ocrx_word' id='word_1_339' title='bbox 990 4508 1013 4563; x_wconf 81' lang='lat' dir='ltr'>a</span> <span class='ocrx_word' id='word_1_340' title='bbox 1040 4488 1085 4563; x_wconf 87' lang='lat' dir='ltr'>de</span> <span class='ocrx_word' id='word_1_341' title='bbox 1102 4486 1286 4605; x_wconf 82' lang='lat' dir='ltr'>Inmunit.</span> <span class='ocrx_word' id='word_1_342' title='bbox 1315 4488 1353 4560; x_wconf 89' lang='lat' dir='ltr'>in</span> <span class='ocrx_word' id='word_1_343' title='bbox 1368 4484 1414 4565; x_wconf 90' lang='lat' dir='ltr'><em>V</em></span> <span class='ocrx_word' id='word_1_344' title='bbox 1419 4481 1503 4561; x_wconf 88' lang='lat' dir='ltr'><em>I</em></span> <span class='ocrx_word' id='word_1_345' title='bbox 1598 4577 1635 4667; x_wconf 67' lang='lat' dir='ltr'>v</span> <span class='ocrx_word' id='word_1_346' title='bbox 1675 4494 1691 4577; x_wconf 61' lang='grc' dir='ltr'>ᾗ</span> 
     </span>
     <span class='ocr_line' id='line_1_41' title="bbox 832 4608 1676 4673; baseline -0.007 -3"><span class='ocrx_word' id='word_1_347' title='bbox 832 4657 846 4670; x_wconf 74' lang='grc'><strong><em>,</em></strong></span> <span class='ocrx_word' id='word_1_348' title='bbox 1389 4669 1391 4673; x_wconf 63' lang='grc'><strong>,</strong></span> <span class='ocrx_word' id='word_1_349' title='bbox 1635 4608 1676 4664; x_wconf 84' lang='grc' dir='ltr'>ιι·</span> 
     </span>
    </p>
   </div>
   <div class='ocr_carea' id='block_1_2' title="bbox 0 0 2024 5275">
    <p class='ocr_par' dir='ltr' id='par_1_7' title="bbox 0 0 2024 5275">
     <span class='ocr_line' id='line_1_42' title="bbox 0 0 2024 5275; baseline 0 0"><span class='ocrx_word' id='word_1_350' title='bbox 0 0 2024 5275; x_wconf 95' lang='lat' dir='ltr'> </span> 
     </span>
    </p>
   </div>
  </div>
 </body>
</html>
