4034 5275
726 462 967 551 ziberll.
974 468 1272 554 vautram
1544 478 1651 580 i1'97

385 581 523 678 poterit
556 577 639 678 quis
672 577 781 674 plura
814 579 978 652 retinere
1009 576 1225 670 Beneficia,
1264 601 1348 680 quae
1385 577 1498 654 simul
1531 582 1672 659 collata

384 704 553 780 congrua
567 685 750 757 duntaxat
769 680 858 754 vitae
876 678 1073 787 praebeaut
1083 680 1283 757 alimento

430 784 626 881 3Poterit
657 784 738 882 quis
768 776 851 855 duo
876 774 1095 872 Beneficia,
1134 801 1176 857 ut
1207 786 1339 876 ajunt
1375 783 1567 870 difformia
1599 785 1669 862 sub

379 891 516 962 eodem
551 902 682 975 tecto,
713 908 794 984 quae
826 899 954 958 tamen
987 885 1063 958 sint
1091 887 1257 985 exigua,
1282 885 1475 961 ordinaria
1505 892 1671 963 auctori·

379 1003 458 1062 tate
487 990 599 1062 simul
630 989 813 1061 retinere.
836 984 947 1062 ..Sacr
959 982 1106 1083 Congu.
1132 989 1242 1083 apud
1258 986 1487 1087 Fagnauum
1515 991 1563 1065 ad
1590 989 1671 1064 Ca

375 1107 444 1184 put
458 1090 623 1166 Litteras
647 1090 691 1164 de
702 1089 936 1166 Concessrone
954 1087 1193 1176 Praebendae,
1221 1107 1259 1163 et
1277 1087 1444 1166 Gallenr.
1463 1092 1512 1166 ad
1530 1090 1670 1165 dictum

378 1191 474 1301 Cap.
499 1192 905 1297 tpSynodiTrident.
891 1194 1104 1266 rnRemisr.
1118 1216 1151 1263 n.
1167 1145 1206 1265 6.

382 1317 456 1389 4
482 1293 1003 1370 TridentinamSanctionem
1023 1293 1247 1368 Beneficia
1231 1295 1550 1390 jurispatronatus
1570 1296 1671 1370 Sim-

373 1397 495 1492 plicia
527 1421 603 1474 non
631 1398 795 1471 adficere
828 1413 986 1470 censent
1000 1394 1228 1472 Vruranus
1218 1419 1257 1469 ru
1276 1397 1383 1472 Prax
1398 1399 1539 1496 Jurisp.
1557 1402 1602 1473 P.
1617 1399 1673 1473 II

347 1498 467 1574 -Lib.
489 1497 537 1572 V
540 1504 565 1575 t
584 1519 666 1594 cup.
694 1523 777 1572 rr.
805 1519 874 1590 20,
901 1516 938 1574 et
965 1519 1044 1597 αῖ,
1073 1513 1112 1571 et
1145 1494 1351 1574 Galiardus
1392 1503 1442 1574 de
1472 1498 1670 1576 Beneficiis

368 1599 474 1698 Cap.
494 1601 538 1674 X
540 1603 582 1675 Χ
588 1601 613 1675 1
619 1603 645 1674 I
659 1627 693 1675 rr
709 1622 745 1694 5

430 1722 452 1798 ς
484 1706 616 1802 Neque
649 1705 806 1778 demum
846 1702 895 1776 ad
933 1701 1135 1820 pensiones
1166 1701 1453 1779 Ecclesiasticas
1495 1704 1671 1782 Trident.

362 1805 585 1984 {geqretum
620 1824 794 1904 spectare
824 1823 975 1881 censuit
987 1808 1101 1881 Sacra
1115 1801 1359 1906 congregat
1377 1807 1479 1905 apud
1503 1805 1671 1884 Gallem

363 1930 431 1985 er
483 1932 553 1982 nu

367 2013 512 2084 X.ll.
537 2011 700 2085 Merito
715 2012 782 2085 hic
818 2009 936 2107 quaeri
976 2020 1132 2104 potest,
1173 1974 1370 2109 Jquaenam
1415 2029 1670 2106 proventuum

360 2115 576 2212 quantitas
584 2113 817 2189 Beneficium
846 2134 1025 2208 congruae
1048 2112 1271 2200 alimoniae,
1300 2113 1558 2211 sumtibusque
1589 2117 1669 2190 suf·

364 2216 506 2291 -ficiens
535 2215 766 2290 constituat?
798 2214 915 2288 Porro
928 2213 1145 2287 Trrdentrnt
1158 2215 1288 2289 Patres
1318 2216 1358 2289 id
1391 2234 1668 2294 nousauxere.

368 2319 501 2409 Quum
532 2320 635 2392 enim
666 2341 734 2415 pro
760 2319 865 2393 varia
888 2317 1086 2391 homiuum
1117 2318 1335 2393 conditione
1350 2342 1483 2394 varra
1472 2321 1569 2418 ‚qui
1586 2323 1672 2396 cui·

366 2434 448 2522 que
481 2422 571 2495 satis
599 2422 701 2538 sint,
738 2420 928 2495 redituum
954 2420 1052 2494 ratio
1079 2420 1311 2496 restituenda
1337 2421 1415 2511 sit
1449 2423 1540 2498 hinc
1577 2421 1671 2500 burri

363 2525 565 2622 cujusque
582 2522 673 2595 viri
685 2519 847 2595 arbitrio
876 2521 981 2593 illam
1016 2522 1275 2597 definiendam
1308 2478 1509 2641 reliquere
1538 2526 1669 2615 Quare

362 2645 424 2701 ex
448 2625 653 2704 universali
674 2623 990 2700 consuetudine
973 2644 1054 2715 Jam
1083 2640 1238 2719 recepta
1264 2625 1411 2698 nemini
1442 2623 1532 2702 bina
1541 2626 1672 2705 Bene·

367 2726 672 2825 iiciaSimplicia
705 2725 898 2803 habenti
886 2749 925 2798 tn
958 2725 1043 2799 foro
1071 2743 1246 2800 movetur
1275 2728 1460 2845 quaestio3
1489 2728 1580 2805 licet
1600 2754 1673 2807 eo-

369 2832 709 2929 ·tundetrrsingula
732 2850 902 2927 congruo
923 2827 1043 2901 victui
1066 2827 1157 2901 satis
1178 2850 1363 2927 superque
1386 2830 1475 2905 sint.
1503 2833 1673 2923 Quinim·

358 2954 448 3007 ruo
465 2934 683 3026 hujusmodi
712 2930 984 3006 consuetudine
999 2930 1232 3006 Tridentinae
1268 2932 1483 3023 sanctioni,
1519 2935 1556 3009 in
1589 2938 1673 3014 foro

368 3051 538 3110 externo
558 3035 907 3132 certederogatum
929 3033 1080 3106 videtur
1100 3054 1144 3111 ea
1165 3050 1303 3129 parte,
1324 3059 1397 3133 qua
1421 3054 1529 3112 vetat
1553 3061 1672 3116 unum

369 3137 565 3212 sufficiens
579 3136 808 3211 Beneficium
827 3133 984 3210 habenti
998 3136 1159 3210 alterum
1174 3138 1289 3213 etiarn
1307 3137 1477 3235 Simplex
1493 3144 1673 3221 conferri.

375 3262 378 3269 ⁸
423 3240 535 3313 ··Xlll.
560 3238 943 3316 Cavendumtamen
961 3240 1043 3312 :hac
1061 3238 1107 3310 in·
1128 3255 1173 3311 re,
1185 3258 1279 3327 ‚ue
1300 3242 1384 3337 quis
1406 3243 1565 3317 nimium
1595 3269 1672 3320 suas

372 3341 568 3435 ‘voluptati
591 3342 800 3439 indulgeat
808 3342 967 3434 potius,
984 3343 1096 3434 qnam
1120 3293 1341 3436 indigentiae
1370 3345 1562 3419 consulat·
1589 3362 1672 3424 tum

368 3439 567 3520 bonorum
581 3441 941 3519 Ecclesiasticorum
973 3439 1172 3530 indolem,
1195 3446 1243 3517 de
1269 3464 1340 3541 qua
1359 3457 1499 3541 supra,
1522 3471 1568 3523 ac
1589 3472 1675 3526 ma·

370 3544 448 3634 la,
484 3547 565 3642 qud
590 3539 867 3620 Beneficiorum
893 3544 1103 3641 pluralitas
1138 3546 1270 3639 parit,
1292 3546 1409 3621 serio
1445 3554 1673 3647 perpendat.

366 3647 527 3726 Verum
554 3650 602 3752 de
620 3654 695 3723 hoc
616 3647 820 3814 Capq
827 3662 1086 3747 opportunius
1104 3644 1183 3722 Tit.-
1198 3648 1269 3725 ult.
1262 3649 1408 3826 hujus.
1419 3652 1547 3729 Libri.
