4034 5275
415 497 424 511 ·
673 473 803 554 iiber·
827 474 886 552 ΙΙ.
915 472 1064 553 Titulus
1092 473 1236 552 XVII'
1509 488 1585 584 177

307 576 445 667 Idem?
459 575 510 672 ab
531 577 755 656 Alexandro
774 580 825 653 lll
847 578 943 674 Cup.
965 580 1080 671 sboo
1104 582 1172 653 tit.
1195 590 1377 655 statutum
1393 579 1546 678 legitur
1573 585 1617 660 ld

303 687 425 783 quod
446 684 595 783 sequuti
616 682 835 758 Tridentini
859 682 990 756 Patres
1013 683 1123 757 Sers.
1153 703 1245 757 unu
1268 682 1358 778 Ref.
1388 705 1470 780 cap.
1499 706 1544 759 ιι
1570 687 1611 764 in

301 789 424 871 hunc
443 788 600 862 modum
617 787 845 863 decernunt:
868 783 946 882 Qui
963 778 1182 886 (decimas)
1199 799 1266 858 out
1284 787 1533 877 subtrabunt,
1548 805 1614 865 out

302 888 524 986 impediunt
547 892 918 978 eutonnnunicentur·
946 912 1008 963 ner
1036 885 1085 961 ab
1106 890 1173 965 bor
1195 891 1373 979 crimine,
1404 891 1479 962 nisi
1504 894 1615 984 plena

303 989 560 1068 restitutione
577 1009 758 1090 sequuta,
781 989 890 1066 absol
889 1002 1042 1066 vantur.
1064 988 1117 1064 At
1143 991 1218 1064 hoc
1238 991 1508 1070 Tridentinum
1536 991 1616 1067 Ca·

293 1106 420 1215 put,
436 1094 493 1169 uti
511 1093 598 1168 Lib
616 1097 642 1169 I
655 1091 733 1170 Tit.
751 1087 821 1168 IV
834 1092 1115 1183 indicavimus,
1132 1114 1248 1166 unum
1266 1115 1314 1167 ex
1332 1092 1406 1167 illis
1426 1109 1511 1186 est,
1529 1115 1613 1192 qnae

306 1197 422 1294 regii
446 1195 635 1273 Censores
662 1197 921 1292 temperanda
938 1196 1069 1290 prius,
1100 1217 1213 1293 quam
1243 1197 1478 1271 exsecutioni
1507 1219 1615 1271 nran-

305 1299 451 1374 danda
470 1314 724 1389 censuerunt3
748 1299 958 1394 praesertim
982 1320 1098 1397 quum
1128 1319 1203 1371 non
1227 1298 1352 1372 desint
1373 1299 1447 1374 alia
1473 1301 1619 1390 media,

306 1399 460 1499 quibus
474 1403 524 1476 ad
539 1401 624 1476 illas
639 1401 889 1477 exsolvendas
903 1400 991 1476 laici
1006 1399 1188 1496 compelli
1203 1417 1371 1495 possent.
1387 1398 1468 1502 (**)
1485 1401 1612 1499 Reges

305 1505 594 1600 nostri-plures
620 1505 659 1577 in
682 1504 955 1600 surripientes,
977 1504 1213 1591 retinentes,
1238 1519 1277 1577 et
1304 1503 1523 1577 fraudantes
1546 1507 1619 1578 de-

307 1605 444 1681 cimas
469 1629 603 1703 poenas
628 1605 947 1701 inflixerer=Leg.
970 1605 1021 1693 I,
1051 1603 1126 1692 II,
1145 1618 1184 1679 et
1215 1605 1289 1680 ΙΙΙ
1308 1603 1396 1681 Lib
1419 1601 1447 1677 I
1463 1602 1541 1678 Tit.
1567 1604 1620 1677 V.

304 1710 450 1785 Novae
464 1707 603 1804 Recop.
625 1710 710 1782 At
699 1732 738 1782 ιιι
761 1708 946 1804 Supremo
965 1708 1142 1785 Castelle
1166 1707 1306 1783 Senatu
1333 1707 1622 1807 admittendum

308 1810 481 1886 voluere
503 1833 699 1887 recursum
721 1813 926 1886 adversum
948 1813 1144 1910 exigentes
1166 1812 1335 1885 decimas
1359 1833 1408 1884 ex
1429 1812 1489 1883 his
1510 1810 1618 1886 fruc·

312 1908 455 2002 ribus,
482 1935 530 1988 ex
552 1912 688 2011 quibus
709 1913 808 1992 solvi
831 1932 945 1991 antea
976 1938 1054 1990 non
1079 1927 1385 1991 consueverunt·
1415 1915 1509 2009 teg.
1531 1911 1574 1992 V
1574 1913 1621 2004 I

311 2027 365 2088 tt
333 1966 494 2167 Vll
506 2015 598 2090 ibid.
620 2011 677 2116 (²¹¹)

373 2195 376 2200 '
435 2184 446 2239 l

785 2218 848 2296 De
878 2217 1155 2299 oblationibus.

381 2425 466 2501 XX.
489 2427 534 2501 ln
554 2448 601 2503 eo
622 2425 647 2501 i
670 2426 842 2503 Decimis
864 2426 1045 2505 differunt
1067 2426 1322 2518 Oblationes,
1344 2427 1446 2526 quod
1464 2425 1513 2502 ad
1536 2426 1620 2504 illas

322 2530 559 2623 praestandas
591 2530 753 2625 populus
776 2551 825 2603 ex
844 2531 989 2623 justitia
1011 2545 1208 2616 teneatur3
1231 2546 1270 2602 at
1292 2531 1438 2604 oblatio
1460 2533 1617 2624 proprie

328 2629 376 2705 sit
394 2654 528 2707 munus
546 2631 568 2706 i
587 2630 762 2707 fidelibus
779 2632 884 2722 Deo,
901 2631 965 2707 vel
981 2629 1165 2705 Ecclesiae
1182 2646 1317 2727 sponte
1334 2629 1521 2706 oblatum.
1537 2633 1621 2706 Hu«

319 2731 489 2823 jusmodi
509 2733 747 2811 Oblationes
758 2734 963 2832 antiquitus
983 2736 1082 2809 adeo
1103 2735 1344 2832 frequentes,
1372 2749 1411 2807 et
1442 2734 1619 2850 copiosas

326 2833 464 2928 inisse,
492 2853 532 2913 ut
551 2840 724 2937 quaedam
742 2836 924 2913 Ecclesiae
943 2836 1138 2933 potuerint
1169 2838 1218 2911 de
1240 2835 1377 2910 iisdem
1397 2836 1615 2933 portionem

327 2934 511 3014 Ecclesiis
529 2939 848 3038 indigentioribus
868 2941 1070 3031 conserte,
1095 2954 1245 3015 constat
1265 2961 1314 3013 ex
1343 2939 1480 3033 Apost.
1502 2936 1553 3012 ΙΙ
1565 2938 1617 3012 ad

329 3040 499 3117 Corinth
524 3040 619 3136 Cap.
641 3042 707 3115 XI
722 3064 762 3115 v.
780 3044 830 3131 8,
854 3056 948 3139 et9.
964 3044 1063 3117 Tum
1086 3043 1135 3116 de
1151 3040 1324 3116 Ecclesia
1344 3040 1520 3114 Romana
1536 3057 1615 3115 tes«.

328 3141 455 3217 tantur
474 3144 681 3240 Dionysius
703 3143 883 3220 Corinthi
898 3144 972 3241 Ep.
992 3146 1096 3242 apud
1113 3142 1321 3219 Eusebium
1345 3142 1434 3218 Lib.
1456 3142 1525 3217 IV
1538 3162 1618 3239 cap.

329 3260 407 3340 23,
433 3259 471 3320 et
502 3248 710 3343 Dionysius
733 3247 844 3321 Alex.
860 3249 969 3343 ,apud
994 3248 1158 3321 eundern
1187 3245 1391 3320 Eusebium
1415 3243 1505 3319 Lib.
1524 3245 1622 3321 VII

327 3366 410 3441 rap.
439 3367 490 3439 ς,
515 3350 757 3424 consuevisse
786 3349 933 3422 scilicet
957 3350 1006 3421 ad
1028 3347 1178 3421 dissitas
1196 3405 1208 3437 ,
1228 3348 1455 3442 easdemque
1470 3367 1619 3444 paupe·
1722 3358 1723 3361 ’

325 3467 387 3519 res
407 3446 597 3523 Ecclesias
615 3450 830 3525 necessaria
853 3450 942 3525 vitae
968 3449 1137 3524 subsidia
1162 3449 1436 3524 transmittere.
1535 3533 1538 3538 ¹
1610 3481 1620 3541 1
1654 3510 1658 3514 .

296 3567 298 3571 ·
376 3549 478 3625 xxi.
505 3540 622 3626 Porrri
636 3554 684 3626 in
706 3553 928 3649 spontaneis
952 3554 1058 3627 hisce
1075 3549 1280 3627 offerendis
1300 3548 1522 3626 muneribus
1541 3549 1619 3632 Ec·

326 3649 443 3726 clesia
466 3653 821 3748 Hierosolymitnna
845 3656 945 3730 inter
968 3671 1116 3730 ceteras
1143 3654 1325 3730 emicuitr
1347 3652 1400 3729 ibi
1418 3656 1550 3745 enim,
1577 3651 1620 3731 u'i
1709 3691 1713 3698 ·

289 3765 291 3770 ’
324 3749 491 3826 habetur
511 3756 599 3827 Act.
617 3756 652 3825 ΙΙ
671 3775 710 3826 ν
727 3776 798 3848 44,
818 3772 857 3828 et
874 3776 944 3849 45,
961 3782 1023 3851 qur
1016 3755 1242 3834 credebant
1259 3769 1368 3831 erunt
1381 3760 1556 3849 pariter,
1577 3773 1618 3865 et

325 3852 512 3930 habebant
536 3861 656 3929 omnia
670 3862 866 3931 communia
880 3862 1189 3953 ,possessionem
1219 3873 1257 3932 et
1279 3855 1527 3933 snbstantias
1533 3861 1620 3934 ven·⁴

323 3955 488 4047 debant,
517 3970 555 4030 et
581 3955 801 4034 dividebant
829 3913 902 4034 tttb
924 3959 1086 4033 omnibus
1099 3975 1248 4057 ,prout
1266 3964 1391 4054 cuique
1409 3979 1514 4055 opus
1519 3980 1617 4038 erat.

318 4052 497 4133 Eandem
521 4055 571 4133 ab
589 4056 851 4136 Orientalibus
876 4085 952 4137 non
978 4063 1108 4159 paucis
1130 4066 1265 4140 initam
1284 4062 1617 4216 suisserationerru,

319 4158 458 4236 scribit
488 4160 673 4235 Eusebius
694 4160 783 4237 Lib.
807 4162 881 4238 ΙΙΙ
900 4184 983 4261 cap.
1013 4185 1075 4265 37.

373 4264 492 4336 xxti.
521 4261 750 4339 Oblationes
772 4268 928 4362 proprie
955 4268 1099 4357 dictae,
1117 4269 1198 4344 sive
1216 4291 1297 4367 quae
1319 4264 1504 4341 Ecclesiae
1523 4206 1618 4340 offen·

314 4360 503 4440 rebantur
534 4368 725 4463 praecipue
756 4370 808 4443 ud
831 4369 1092 4444 ministrorum
1125 4372 1257 4446 altaris
1285 4370 1615 4455 sustentationem,

311 4466 482 4584 duplicis
497 4482 609 4545 erant
626 4469 808 4567 gener-isa
828 4471 912 4547 alite
928 4474 993 4548 ad
1003 4472 1129 4562 altare
1150 4468 1454 4564 offerebantur,
1467 4470 1618 4545 scilicet
