4034 5275
405 461 479 539 134
598 466 600 468 ’
726 449 1007 531 Institutionum
1022 454 1288 533 Canonicardur
1511 444 1516 452 ⁸

556 647 710 757 (**)Da
725 653 823 752 Jare
837 661 957 753 Asyli
976 685 1024 738 en
1039 664 1204 761 Legibus
1222 663 1424 760 Hispanis.
1432 659 1490 767 (²¹¹)

385 888 395 932 ,ε
426 852 597 962 (**)ΧΧ.
626 862 898 954 Hispaniarum
912 867 1067 966 Reges,
1090 864 1228 943 Gotthi
1251 869 1462 965 prasertim
1479 924 1490 957 ,
1509 891 1673 968 quorum

376 979 421 1035 ea
451 961 520 1035 fuit
554 985 645 1061 erga
663 966 880 1044 Ecclesiam
913 972 1068 1066 pietas,
1095 988 1138 1046 ut
1163 972 1316 1047 nonnisi
1335 972 1373 1045 iu
1392 971 1676 1069 Episcoporum

377 1066 521 1137 coactis
542 1064 808 1144 Conventibus
839 1095 924 1146 suas
957 1074 1156 1163 condere,
1192 1075 1255 1149 vel
1287 1061 1515 1148 coufiriuare
1551 1077 1675 1173 Leges

378 1169 674 1258 consueverint,
704 1176 844 1248 nedum
877 1197 953 1248 non
982 1177 1245 1266 imminuere,
1268 1177 1335 1252 sed
1350 1194 1387 1251 et
1402 1177 1536 1251 fovere
1555 1178 1676 1252 etiarn

360 1266 507 1371 ,multis
528 1270 810 1350 immunitatem
832 1277 1044 1376 privilegiis
1063 1279 1282 1354 decrevere.
1312 1279 1399 1369 Qua
1433 1279 1483 1352 de
1514 1299 1556 1352 re
1574 1280 1676 1354 Sise-

378 1372 526 1446 nandus
558 1376 784 1453 criminosos
812 1401 851 1453 se
874 1380 912 1452 in
931 1379 1147 1457 Ecclesiam
1182 1381 1440 1478 recipientes,
1468 1379 1525 1455 ab
1542 1404 1589 1456 ea
1606 1405 1677 1456 ex·

378 1475 532 1571 trahere
564 1479 711 1570 vetuit,
744 1504 793 1557 eo
823 1483 1011 1559 duntaxat
1036 1499 1201 1580 excepto
1224 1507 1341 1572 casu,
1373 1485 1674 1574 cujusmetninit
1712 1534 1718 1541 -

379 1575 591 1674 praeRSyn.
609 1579 739 1673 Cojac.
757 1608 833 1681 quo
866 1608 951 1659 reus
976 1609 1015 1661 se
1039 1587 1079 1661 vi
1101 1601 1249 1661 armata
1277 1586 1530 1660 defenderet:
1560 1586 1676 1679 indict

379 1675 511 1776 Legnl
531 1685 624 1757 Fan
640 1680 770 1776 Judic.
789 1687 937 1782 Regina
952 1687 1100 1763 Urraca
1118 1713 1206 1763 eum
1226 1689 1331 1778 filiis,
1350 1705 1388 1762 et
1406 1687 1579 1778 filiabus,
1599 1711 1673 1787 una

379 1800 466 1852 curu
489 1780 731 1878 Comitibus,
762 1813 809 1864 ac
834 1790 1012 1884 *pluribus
1030 1791 1155 1889 Regni
1183 1788 1406 1868 Proceribus
1438 1788 1675 1887 subscripse÷

369 1898 470 1955 rrurrt
500 1882 774 1965 Constitutioni
812 1893 861 1966 de
889 1894 1134 1968 Immunitate
1163 1895 1267 1969 edita
1301 1893 1341 1965 in
1368 1893 1460 1988 Syn.
1485 1892 1674 1968 Ouetensi

381 1991 443 2059 ati.
466 2008 558 2081 ¹¹¹5
577 1989 669 2086 Cap.
685 1991 795 2083 m,
820 2016 895 2094 quo
913 1997 1104 2070 sancitum
1120 1991 1205 2088 est,
1237 2011 1280 2072 ut
1305 1996 1432 2070 nulius
1448 1997 1674 2070 criminosus

381 2084 481 2163 intra
506 2094 746 2192 septuaginta
763 2095 786 2170 d
803 2098 947 2172 dextris
962 2097 1145 2173 Ecclesiae
1179 2122 1309 2196 passus
1331 2098 1563 2192 persistens,
1585 2098 1676 2193 posi

380 2188 432 2263 sit
452 2196 626 2285 extrahi,
658 2197 731 2270 nisi
754 2199 895 2288 suerit,
925 2223 1084 2287 seruus,
1108 2215 1174 2272 aut
1190 2201 1361 2294 publicus
1379 2199 1497 2284 latro,
1515 2199 1579 2270 uel
1590 2217 1678 2290 pro·

347 2368 351 2378 ,
381 2290 484 2384 piton
518 2296 567 2368 de
597 2298 759 2372 crimine
793 2301 1020 2387 convictus,
1054 2301 1135 2374 sive
1171 2303 1298 2394 pulum
1334 2306 1679 2389 exommunicatus,-

317 2460 320 2466 .
381 2407 448 2461 aut
467 2393 703 2489 Monachus,
729 2401 792 2474 uel
805 2401 997 2474 Monachn
1014 2401 1151 2496 refuga
1164 2426 1181 2491 ¹,
1207 2416 1272 2477 aut
1298 2403 1461 2477 violatur
1478 2399 1678 2476 Ecclesia.⁴

383 2490 464 2589 Qui
494 2519 582 2572 uero
606 2496 682 2601 (ita
699 2501 965 2605 progreditur)
994 2505 1173 2598 adreptus
1190 2504 1216 2577 d
1232 2502 1398 2591 diabolo,
1413 2501 1558 2595 aliquid
1571 2502 1680 2576 uliud

379 2612 451 2690 per
479 2606 555 2675 vin
585 2611 802 2681 extraxerit
833 2605 883 2680 ab
908 2606 1111 2697 Ecclesia,
1149 2608 1296 2710 ejusque
1326 2603 1538 2700 partitibus
1567 2628 1678 2700 usqua

385 2698 439 2772 aa
459 2704 643 2780 duodecim
660 2728 800 2803 passus
827 2714 867 2784 iu
896 2708 1133 2804 quadruplum
1164 2708 1407 2786 reddat...aut
1429 2712 1469 2780 in
1486 2705 1683 2781 Mouast'ei

312 2803 315 2810 '
385 2809 443 2875 rio
474 2808 530 2877 sit
548 2808 757 2886 Monachus
782 2810 850 2883 sub
873 2810 1022 2906 Regula
1041 2812 1092 2892 B.
1108 2811 1334 2898 Benedicti,
1358 2824 1425 2882 aut
1456 2812 1510 2881 sit
1530 2809 1679 2886 Eremi-

385 2913 432 2977 tu
464 2910 626 2986 omnibus
650 2912 779 2986 diebus
801 2917 895 2988 vira
915 2938 1003 2989 sua.
1029 2913 1155 3003 Quam
1178 2915 1332 3012 quidem
1351 2910 1676 2986 constitutionem

388 3008 662 3088 confirmarunt
680 3016 767 3089 dein
787 3016 1004 3110 Alphonsus
1020 3014 1197 3090 Castellae
1214 3017 1324 3105 Rex,
1353 3014 1573 3111 Alphonsus
1590 3014 1682 3104 Por}

384 3111 556 3205 tugailiae
571 3115 719 3204 Infans,
735 3134 774 3191 et
787 3118 1006 3214 Alpbonsus
1022 3118 1222 3217 Aragoniae
1239 3118 1543 3208 Rex,uua··‘cum
1558 3117 1681 3192 ¹fratre

386 3212 686 3303 assumptio
701 3221 924 3310 Monacho,
949 3219 1193 3320 pluribusque
1215 3221 1341 3322 Regni
1366 3241 1455 3310 curu
1475 3216 1680 3310 nobilibus,

390 3327 471 3389 turn
495 3316 755 3416 ignobilibus,
780 3337 893 3420 atque
920 3324 1038 3397 etiam
1061 3320 1351 3399 observantibus
1379 3321 1679 3412 benedictiones,

384 3434 429 3509 ,et
450 3419 741 3520 infringentibus
767 3426 1055 3500 maledictiones
1073 3427 1230 3518 adjectae
1252 3440 1350 3499 suut.
1372 3423 1680 3539 Suprasgriptam

390 3540 539 3616 qnoque
562 3524 759 3600 Sisenandi
785 3528 903 3626 Regis
929 3527 1056 3623 legem
1086 3528 1328 3602 confirmavit
1362 3526 1583 3621 Alphonsus
1611 3528 1680 3603 Sa*

385 3619 500 3715 piens
522 3624 721 3721 Lag..XV
733 3627 812 3704 Tit.
823 3630 865 3702 tt
868 3630 911 3702 X
921 3629 1012 3702 Lib.
1028 3627 1110 3703 III
1123 3632 1216 3704 Fora·
1230 3628 1374 3727 Regii,
1403 3646 1442 3703 et
1459 3630 1508 3702 ad
1525 3630 1681 3706 univer·
1722 3657 1748 3748 ‘t

386 3744 473 3797 sum
490 3725 665 3826 Regnum
685 3733 857 3807 extendit
869 3733 996 3831 Lag-I
1000 3731 1027 3804 Ι
1037 3730 1117 3805 Tit.
1132 3732 1173 3804 X
1178 3735 1203 3809 Ι
1217 3731 1329 3808 Part.
1343 3735 1378 3808 l.
1407 3732 1458 3804 At
1476 3732 1576 3805 serio
1585 3733 1681 3829 per*

389 3831 591 3922 pendens,
615 3832 732 3908 nimia
759 3834 948 3909 interdurn
967 3835 1204 3933 induigentia
1222 3834 1353 3933 augeri
1370 3832 1553 3922 crimina,
1566 3858 1683 3933 quos-

388 3928 482 4003 darn
508 3935 752 4030 excipiendos
774 3937 896 4012 voluit
913 3937 1163 4023 criminosos,
1190 3938 1337 4012 scilicet
1364 3937 1579 4027 adulteros,
1595 3939 1681 4014 vio·

392 4029 535 4107 latores
573 4026 799 4134 uirginum,
837 4053 876 4113 et
898 4038 1067 4135 Principi
1101 4040 1150 4113 ad
1191 4038 1417 4114 tributorum
1463 4041 1683 4115 exactiones

388 4130 601 4232 obligatos:
620 4142 713 4237 Lag.
724 4144 793 4238 fin.
812 4141 974 4219 Tum
991 4141 1139 4216 Partit.
1157 4143 1203 4233 I,
1227 4143 1365 4242 aliique
1387 4144 1483 4218 aiios
1506 4165 1682 4232 successu

389 4253 635 4334 temporum,
666 4246 715 4318 de
745 4242 879 4342 quibus
905 4240 1077 4347 inira.(*)

388 4339 629 4445 :;.,·(*.r)xxt
652 4344 935 4444 Gregorianam
951 4346 1278 4425 ,constitutionem
1309 4350 1358 4423 de
1385 4372 1456 4449 qua
1484 4347 1696 4449 Seivagius-

390 4446 430 4523 in
466 4452 515 4537 ὃς.
541 4451 621 4544 1X,
652 4466 692 4527 et
727 4452 762 4526 X
794 4452 976 4545 disserit,
1007 4472 1129 4553 neque
1150 4454 1205 4527 ,in
1241 4452 1426 4550 Hispania
1464 4453 1578 4529 fuisse
1616 4475 1700 4541 rezi

381 4549 439 4622 2:¹⁴.
824 4604 840 4616 -κ
862 4593 890 4618 ..·.
1585 4576 1679 4651 Οερ-
