4034 5275
761 470 959 553 Lt'berll.
975 469 1127 549 Titulus
1144 469 1287 547 XIII.
1559 497 1632 578 129

373 571 533 662 veteres
552 581 633 675 jam
670 578 843 676 receptas
877 579 1001 677 Regni
1035 577 1326 652 consuetudines
1355 574 1431 650 hoc
1461 573 1499 649 in
1530 586 1655 677 capite

363 687 587 784 neutiquam
606 685 859 758 immutandas
874 706 885 772 ;
907 682 1050 755 interea
1067 680 1252 775 temporis
1269 674 1520 775 Gregoriauae
1537 682 1655 760 Cons-

363 786 552 863 titutionis
578 785 822 861 dClemente
840 785 929 858 Vlll
963 783 1265 880 moderationem
1301 782 1590 876 postulandam:
1615 789 1654 863 id

363 892 468 990 quod
501 912 571 964 nec
594 887 677 986 ipse
693 886 1005 975 ClemensVlll,
1040 907 1112 973 nec
1141 888 1218 979 ejus
1235 882 1458 958 Succesores
1489 909 1655 986 unquam

363 994 591 1090 praestitere.
620 991 903 1066 Tantummodo
933 988 1160 1062 Benedictus
1190 989 1280 1060 xlll
1314 1008 1376 1060 an.
1413 1005 1513 1087 1725·
1545 991 1678 1068 Bulla.

351 1095 433 1179 vEu„
463 1120 532 1192 quo
561 1094 701 1170 divino
728 1089 950 1168 criminibus
982 1090 1005 1164 i
1035 1088 1228 1188 Gregorio
1251 1088 1341 1163 XIV
1375 1092 1546 1186 exceptis
1580 1097 1656 1172 alia

363 1220 514 1298 quoque
541 1197 674 1294 gravia
693 1197 835 1272 delicta
852 1193 1075 1268 adcensuit:
1093 1192 1281 1268 nimirum
1300 1192 1512 1268 homicidas
1531 1199 1657 1273 volun·

362 1301 509 1391 tarios,
532 1299 710 1374 falsantes
740 1300 901 1372 litteras..
913 1296 1170 1392 apostolicas,
1203 1294 1394 1369 ministros
1418 1298 1558 1372 montis
1575 1303 1655 1397 pie·

364 1403 481 1493 ta'tis',
507 1403 711 1477 alteriusve
741 1397 903 1496 publice
926 1399 1151 1497 argentariae
1184 1396 1280 1472 inibi
1308 1395 1469 1487 furtum,
1486 1417 1551 1474 aut
1569 1403 1654 1480 salsi

361 1507 511 1580 crimen
542 1503 853 1592 committentes,
886 1502 1148 1590 monetarios,
1178 1499 1277 1575 sacri
1293 1501 1407 1597 Asyli
1435 1500 1655 1597 violatores,

362 1595 582 1682 ac'tandem
607 1608 760 1703 rapinas
782 1608 820 1679 in
841 1601 1019 1678 domibus
1036 1605 1192 1678 nomine
1209 1600 1335 1676 Curiae
1363 1602 1544 1678 simulato
1563 1631 1652 1684 curn

362 1710 598 1802 homicidio,
641 1725 705 1784 aut
738 1707 976 1783 mutilatione
1007 1714 1192 1804 agentes3
1217 1718 1258 1780 at
1285 1728 1484 1781 causarum
1504 1709 1580 1784 hoc
1597 1718 1654 1786 ca'·

358 1828 429 1908 put
457 1813 710 1908 spectantium
737 1810 958 1910 cognitione
987 1807 1217 1908 Episcopis,
1249 1824 1289 1882 et
1308 1807 1504 1908 judicibus
1520 1809 1655 1890 Eccle-

359 1914 524 1992 siasticis
554 1915 779 1991 luculentius
813 1917 976 1988 adserta.

596 2116 660 2194 De
671 2116 769 2217 Jure
776 2115 894 2208 Asyli
910 2077 957 2192 cx
971 2118 1169 2192 novissimo
1183 2115 1422 2232 Concordato.

412 2325 478 2398 Xl.
503 2321 764 2416 Quamobrem
789 2324 870 2416 jam
893 2320 989 2397 inde
1005 2317 1056 2396 ab
1082 2320 1185 2397 edita
1202 2319 1443 2422 Gregoriana
1461 2323 1640 2408 Constitu

358 2425 464 2502 tione
480 2437 682 2524 utramque
705 2427 803 2499 inter
821 2430 1050 2520 potestatem
1065 2423 1376 2504 Ecclesiasticam
1390 2428 1410 2518 ,'
1430 2446 1470 2504 et
1496 2433 1650 2509 saecula·

358 2551 583 2626 remquam
613 2531 828 2628 frequentes
849 2527 1070 2600 exarserunt
1098 2532 1389 2603 controversiae:
1420 2531 1544 2607 donec
1563 2551 1652 2613 tan·

360 2632 451 2722 dem
488 2630 693 2707 novissima
706 2629 1039 2723 Concordatorum
1058 2627 1146 2727 lege
1177 2630 1288 2724 plura
1319 2634 1392 2705 bac
1417 2633 1466 2707 de
1497 2658 1537 2709 re
1562 2639 1653 2713 salu·

343 2730 482 2808 briter
502 2733 626 2830 patto„
647 2734 792 2809 foedere
816 2732 962 2820 sancita
983 2729 1241 2826 suntrcapa
1268 2730 1313 2820 de
1329 2733 1519 2811 Immnnit.
1548 2739 1652 2814 loca·

320 2892 323 2896 .
359 2836 403 2914 u'.
437 2839 532 2928 Quae
550 2853 677 2912 tamen
702 2836 752 2911 ad
786 2834 860 2910 tria
888 2834 1016 2931 capita
1034 2836 1281 2926 reducunturr
1305 2837 1484 2913 nimirum
1508 2862 1523 2912 1
1543 2841 1652 2920 Ordo

361 2939 589 3015 extrahendi
619 2961 704 3014 reos
732 2935 783 3019 ab
816 2938 908 3031 loco,
935 2938 1124 3029 immuni,
1150 2951 1231 3014 tum
1260 2953 1299 3016 et
1327 2945 1587 3038 cognoscendi
1602 2950 1652 3023 de

327 3042 546 3130 crimine,
567 3056 771 3138 exceptum
793 3052 841 3115 ne
872 3040 968 3116 illud
999 3040 1075 3129 sit,
1105 3062 1154 3115 an
1184 3064 1273 3116 non.
1304 3041 1562 3121 oCriminum
1594 3071 1652 3125 ex-

360 3153 559 3239 ceptorum
574 3146 757 3222 recensio.
792 3166 815 3242 3
831 3145 1022 3221 Locorum
1040 3144 1266 3221 immunium
1283 3148 1520 3249 constitutio

561 3386 567 3400 ··
592 3350 694 3456 Ordo
720 3347 950 3427 extrahendi·
965 3369 1047 3425 reus
1072 3344 1121 3421 ab
1148 3346 1226 3424 Ioco
1257 3351 1416 3427 immuni.

390 3567 392 3570 ’
409 3556 502 3629 ΧΙΙ.·
518 3538 597 3632 Ubi
611 3556 863 3657 delinquens,
887 3554 951 3654 qui
975 3552 1127 3651 excepti
1142 3553 1280 3630 delicti
1292 3577 1377 3631 reus
1391 3559 1579 3653 creditur,
1596 3544 1646 3641 ab
1663 3634 1666 3638 ,

355 3654 556 3749 Ecclesia,
579 3660 715 3734 locove
732 3659 921 3747 immuni,
946 3656 1223 3733 abstrahendus
1240 3674 1297 3733 est
1310 3688 1326 3749 ,·
1345 3662 1509 3755 primum
1529 3665 1653 3744 laicos·

355 3760 578 3848 ministros,
605 3762 655 3833 ad
682 3782 777 3859 quos
806 3762 883 3833 hoc
896 3775 1078 3855 spectat,
1104 3756 1154 3833 ab
1172 3762 1249 3837 loci
1265 3760 1474 3856 Ordinario
1492 3768 1654 3845 veniam

354 3877 486 3957 petere
515 3875 695 3957 oportet:
725 3880 814 3936 mox
846 3882 912 3935 reo
941 3863 991 3936 ad
1021 3863 1139 3937 laicos
1166 3886 1340 3939 carceres
1361 3866 1551 3963 adducto,
1578 3869 1643 3946 ubi

352 3957 506 4054 nomine
523 3964 735 4056 Ecclesiae,
765 3965 934 4060 praestito
945 3965 1190 4065 jurejurando
1207 4020 1220 4057 ,
1239 3957 1561 4062 detinendus'e'st,
1577 3976 1643 4049 tri·

353 4062 484 4141 bunali
511 4068 611 4142 laico
641 4092 737 4144 onus
770 4067 957 4145 incumbit
989 4068 1090 4142 intra
1115 4069 1393 4166 quadrimestre
1412 4073 1537 4165 Acta,
1565 4083 1657 4172 seu,

350 4172 541 4268 utajunt,
562 4172 784 4247 Processum
810 4170 1099 4247 informativum
1120 4173 1330 4267 perficere,
1361 4195 1479 4272 eaque
1498 4181 1546 4251 ad
1562 4180 1642 4256 Cu-

351 4270 448 4346 riam
466 4271 775 4348 Ecclesiasticam
794 4270 1065 4348 transmittere.
1081 4275 1178 4348 Tum
1199 4274 1393 4371 Episcopo
1411 4282 1524 4352 unius
1543 4284 1656 4376 duub-

352 4386 458 4450 taxat
487 4376 627 4451 mensis
658 4377 821 4472 spatium
852 4375 1658 4474 conceditur-ad·sententiam1-proferen·'

355 4475 472 4573 dam,
503 4472 595 4555 n'um
626 4501 693 4557 reo
706 4478 820 4580 Asyli
849 4476 1079 4558 beneficium
1096 4476 1363 4582 denegandum
1380 4478 1455 4577 sit,
1484 4507 1533 4559 an
1549 4491 1658 4563 nous?

639 4650 647 4659 .
927 4601 930 4608 ·
1556 4588 1640 4665 Por·
