4034 5275
396 556 399 562 ·
536 562 538 567 .
755 496 871 580 Liber
899 497 956 576 II.
987 496 1137 576 Titulus
1168 492 1278 572 W.'
1577 518 1629 597 29

363 597 569 674 Laurentio
584 598 745 704 legimus
762 607 864 701 apud
882 601 1127 689 Ambrosium
1144 598 1230 674 Lib.
1248 595 1276 672 I
1284 595 1399 705 offic.
1418 618 1500 697 cap.
1521 623 1581 696 14.
1593 596 1650 704 (*)
1700 680 1702 685 ,

358 697 507 798 Excipe
526 703 795 804 Presbyteros‚
811 707 875 803 qui
893 708 997 781 illam
1016 719 1120 788 epira
1150 703 1358 778 immediate
1375 701 1425 777 ab
1440 704 1649 801 Episcopo,

359 803 424 877 vel
451 804 679 905 Presbytero
700 810 787 885 loco
807 809 996 906 ¹Episcopi
1026 806 1247 883 celebrante
1268 804 1537 902 accipiebant:
1558 807 1652 903 Syn.

356 903 510 981 Nicaen.
533 907 627 985 Can.
650 932 736 988 rrr.
757 912 903 988 Verum
927 935 975 1001 ex
991 928 1067 1010 ¹quo
1089 909 1202 985 desiit
1218 909 1439 985 commuuio
1462 910 1654 984 laicorum·

358 1006 429 1083 sub
444 1012 572 1106 specie
590 1015 687 1105 vini,
706 1015 870 1093 Diaconi
885 1037 932 1091 ea
945 1013 1200 1112 praerogativa
1215 1012 1358 1109 privati
1372 1027 1475 1104 sunt;
1492 1012 1531 1085 id
1545 1011 1650 1110 quod

358 1115 500 1199 saeculo
537 1138 590 1188 ιιι
627 1115 839 1217 vergente,
871 1133 911 1194 et
948 1140 1020 1192 mn
1052 1117 1208 1190 ineunte
1240 1112 1447 1211 contigisse
1482 1116 1651 1197 videtur.

353 1209 438 1316 (**)
456 1217 594 1292 Adhuc
610 1232 740 1295 tamen
758 1221 923 1319 sequutis
939 1218 1180 1317 temporibus
1196 1218 1372 1292 nonnihil
1388 1218 1534 1292 aminsae
1550 1240 1649 1314 prae·

355 1317 544 1414 rogatirae
563 1325 714 1422 vestigii
732 1325 930 1399 retinuisse
948 1323 1020 1398 visi
1037 1337 1124 1396 sunt
1140 1319 1324 1410 Diaconi,
1341 1321 1484 1417 quippe
1497 1321 1562 1418 qui
1576 1318 1649 1394 ab·

355 1433 466 1493 sente
480 1422 704 1517 Sacerdote,
721 1426 1002 1503 Eucharistiam
1019 1425 1178 1499 infirmis
1196 1422 1412 1496 ministrare
1430 1436 1648 1520 potueruut,

354 1539 406 1593 ex
429 1526 678 1604 concessione
700 1530 864 1604 Andreae
888 1528 1060 1607 Albalati
1077 1528 1115 1602 in
1132 1518 1300 1602 Constit.
1324 1525 1472 1622 Synodz
1493 1524 1648 1599 Valent.

355 1642 422 1695 an.
452 1644 547 1718 1255
569 1627 705 1707 Const.
727 1630 772 1711 de
791 1630 955 1728 Corpore
979 1629 1075 1727 Jesrr
1099 1629 1261 1705 Christi.
1280 1622 1338 1729 (*)
1648 1628 1652 1637 '

408 1726 455 1799 Il·
483 1728 574 1825 Jure
606 1755 710 1811 novo
742 1734 834 1809 solis
867 1735 1049 1811 Parochis
1083 1731 1334 1819 Eucharistiae
1365 1728 1652 1809 administratio¹

354 1846 550 1906 reservata
576 1851 633 1910 est
647 1860 660 1909 s·
687 1837 779 1913 hinc
809 1837 846 1912 iu
872 1837 1067 1914 Clement.
1094 1838 1109 1909 l
1140 1835 1185 1911 de
1212 1833 1440 1929 Priuilegiis
1461 1832 1650 1932 Religiosi

353 1928 426 2002 sub
443 1952 561 2028 poena
576 1941 984 2016 excommunicationis
999 1941 1083 2036 ipso
1097 1939 1201 2012 iacto
1219 1937 1449 2011 i-ncurrenda
1467 1950 1647 2011 vetantur

352 2027 498 2128 absque
517 2041 676 2131 speciali
697 2043 919 2138 Presbyteri
938 2041 1169 2117 l’arochialis
1190 2039 1347 2112 licentia
1364 2037 1647 2113 Eucharistiam

351 2133 480 2208 cuicui
502 2136 585 2211 sive
604 2138 786 2233 Clerico‚
814 2144 895 2218 sire
918 2144 1020 2217 laico
1040 2141 1319 2217 administrare.
1348 2137 1492 2213 Verum
1511 2160 1650 2237 sequu-

353 2233 403 2307 tis
429 2239 668 2335 temporibus
692 2267 769 2319 non
795 2248 912 2341 modo
933 2243 1154 2343 Presbyteri
1174 2244 1421 2342 quicunque,
1447 2263 1580 2316 verum
1608 2256 1648 2319 et

353 2335 543 2437 Religiosi
560 2345 652 2419 dum
672 2346 800 2422 Missae
826 2349 1056 2424 sacrificium
1080 2360 1268 2444 peragunt
1290 2344 1427 2442 cuique
1450 2345 1556 2418 illam
1580 2366 1650 2442 pe·

353 2443 454 2514 tenti
484 2443 707 2545 porrigunt:
741 2451 781 2529 id
811 2453 914 2549 quod
939 2465 978 2525 et
1006 2451 1215 2525 hodiedum
1238 2444 1401 2521 obtinet.
1428 2447 1514 2537 Qua
1535 2448 1584 2522 de
1605 2462 1649 2525 re'

345 2543 411 2635 jus
431 2543 653 2624 Parocbiale
675 2552 725 2626 ad
749 2553 870 2626 solam
893 2552 1202 2628 communionem
1223 2548 1475 2640 Pas'chalern,
1498 2564 1538 2624 et
1555 2549 1648 2626 Via·

353 2645 424 2721 tici
450 2649 824 2730 administrationem
854 2658 1055 2732 redactum
1087 2669 1156 2729 est.
1190 2699 1193 2704 -
1639 2747 1641 2752 Ι

409 2750 609 2828 111.·01im
648 2758 778 2833 statim
814 2772 900 2855 post
922 2758 1121 2835 collatum
1158 2754 1397 2852 Baptismum
1435 2775 1569 2831 recens
1607 2753 1655 2833 in·

353 2848 513 2927 Christo
536 2859 675 2954 genitis
697 2883 775 2936 nou
798 2861 939 2937 adultis
960 2863 1103 2949 modo,
1126 2880 1261 2934 verum
1282 2874 1322 2933 et
1339 2857 1549 2933 infantibus
1573 2856 1648 2935 Eu·

352 2956 537 3031 charistia
558 2960 749 3057 impertiri
767 2965 994 3055 consuevit3
1020 2985 1134 3061 quam
1153 2963 1309 3059 quidem
1332 2961 1647 3036 consuetudinem

353 3058 406 3133 ad
429 3060 609 3135 saeculum
635 3087 752 3163 usque
775 3089 814 3139 xr
845 3067 885 3140 in
909 3066 1101 3165 ¹aliquibus
1115 3068 1262 3160 saitem
1294 3062 1441 3138 Latinis
1463 3061 1649 3139 Ecclesiis

357 3163 524 3261 viguisse
542 3165 642 3265 haud
658 3168 820 3243 obscure
837 3168 983 3244 indicat
998 3171 1113 3267 Hugo
1126 3166 1148 3239 i
1163 3166 1199 3241 S.
1217 3165 1395 3257 Victore,
1411 3166 1536 3265 quiea
1551 3181 1662 3241 tem··

358 3280 506 3365 pestate
531 3269 696 3364 scripsit.
719 3272 835 3368 Apud
859 3270 1017 3345 Giaecos
1045 3273 1257 3344 etiamnum
1286 3270 1422 3342 eadem
1447 3267 1660 3365 disciplina·

360 3375 553 3459 servatur,
567 3372 623 3442 uti
635 3393 689 3445 ex·
700 3374 909 3447 eorundem
926 3370 1161 3459 Ritualibus‚
1177 3386 1291 3469 atque
1305 3368 1554 3469 Euchologiis
1566 3371 1665 3445 col-³

360 3470 516 3570 ligitur.
541 3465 775 3574 testaturque
791 3470 1017 3550 Graecorum
1035 3475 1176 3549 rituum
1195 3471 1446 3572 peritissimus
1461 3473 1665 3549 Arcudiui·

361 3577 411 3650 de
433 3574 538 3650 Sace.
556 3571 722 3652 Euchar.
742 3579 828 3653 Lib.
847 3577 921 3651 III
941 3599 1023 3673 cap.
1042 3597 1080 3674 a,
1185 3621 1189 3626 ·

383 3675 482 3752 Ἰν.
509 3674 653 3750 Verum
676 3680 842 3779 sequutis
874 3678 1112 3775 temporibus
1145 3678 1337 3753 contraria
1366 3676 1405 3749 iu
1438 3675 1653 3753 Ecclesiam

362 3777 599 3860 cousuetudo
622 3780 783 3855 inducta¹
807 3795 889 3872 est3
920 3783 1068 3858 scilicet
1095 3796 1137 3856 ut
1165 3778 1405 3872 Eucharistia
1437 3780 1546 3873 pueri
1572 3797 1669 3853 naut¹

362 3875 606 3972 reficiantur,
633 3884 705 3958 nisi
730 3883 795 3959 ubi
817 3886 1143 3973 remuneraturis,
1170 3895 1209 3959 et
1233 3883 1469 3956 discretionis
1498 3883 1657 3984 ejusdem

360 3985 525 4059 coelestis
551 3983 637 4058 doni
652 4005 809 4083 capaces
833 3986 998 4062 luerint:
1019 3985 1110 4083 Syn.
1132 3987 1300 4063 Dioeces.
1316 3983 1442 4080 Neap.
1462 3993 1526 4058 an'.
1549 3983 1670 4081 1694·

364 4091 479 4164 Part.
503 4089 551 4163 ΙΙ
566 4106 648 4181 cap.
669 4110 707 4184 4.
731 4090 826 4180 Quae
848 4108 888 4164 et
910 4087 1006 4164 ibid.
1034 4104 1116 4164 tum
1152 4101 1281 4177 vetat,
1310 4107 1358 4160 ne
1384 4086 1467 4185 quis
1495 4087 1547 4159 ad
1563 4090 1669 4182 pri-'-

336 4209 341 4217 ·
363 4213 454 4265 rrum
472 4188 594 4266 divini
609 4188 788 4288 Corporis
805 4196 1012 4269 corrvivr'am
1030 4189 1247 4277 accumbat,
1272 4194 1334 4284 qni
1343 4187 1568 4282 fucultatem
1585 4211 1655 4263 nors

365 4291 569 4368 obtinuerit
594 4293 829 4383 ararum,
859 4311 1003 4370 tumet
1031 4295 1185 4391 ipsimet
1210 4294 1381 4367 Paroc'bo
1407 4292 1589 4384 mandat,
1612 4305 1668 4382 utj·

366 4398 449 4500 ipre
468 4395 645 4491 puerulos
662 4399 852 4485 instruat,
868 4396 1101 4493 declaratque
1118 4397 1256 4483 omnia,
1273 4416 1353 4489 qnae
1370 4392 1414 4465 de·
1431 4392 1500 4466 her
1515 4391 1672 4498 Sirraar.

365 4515 482 4577 meato
499 4496 596 4596 fides
618 4498 772 4592 tradit,
791 4507 841 4573 ia
862 4498 1012 4578 edoceat
1036 4501 1150 4574 animi
1162 4497 1675 4672 'praeparationem,serr-„tirsodi

510 4661 513 4666 .
658 4654 660 4658 v
1150 4601 1226 4676 Da
1602 4617 1661 4674 um
1752 4645 1754 4649 ·
