4034 5275
709 509 743 514 ·’
783 471 900 552 Liber
924 470 983 552 II.
1017 474 1228 554 Titulusl.
1605 503 1628 581 3

371 591 546 662 sanctum
572 580 678 655 idem
695 580 771 672 sit,
788 604 834 656 ac
860 581 1073 657 sancitum:
1099 580 1201 680 quod
1221 579 1324 656 enim
1345 577 1544 657 sanctione
1561 605 1658 682 qua·

367 688 461 761 dam
495 681 696 759 subnixum
727 701 811 773 est,
838 685 910 759 etsi
935 707 1014 759 non
1039 684 1087 758 sit
1113 687 1199 760 Deo
1224 700 1519 778 consecratum,
1548 709 1662 763 sanc·

364 802 449 867 tum
467 806 594 866 tamen
618 804 709 890 est,
730 791 804 863 hoc
820 803 877 863 est
896 785 1131 862 mvrolabrle.
1149 787 1209 863 Src
1227 788 1331 886 leges
1356 790 1534 863 dicuntur
1552 813 1662 867 sanc·

363 891 439 983 t'ae,
463 909 503 968 et
525 916 720 988 ...somnes
736 897 967 983 metonymice
985 898 1110 965 mor'es
1132 893 1281 978 sancti,
1299 889 1385 988 quia
1407 891 1574 984 divinis,
1592 896 1661 970 hu·

366 996 565 1097 manisque
581 993 731 1094 legibus
748 994 981 1069 adamussim
995 995 1242 1069 conveniunt.
1258 993 1378 1068 Recte
1392 992 1510 1090 igitur
1526 996 1564 1068 in
1576 999 1663 1089 jure

365 1116 499 1174 nostro
522 1096 582 1175 res
603 1112 746 1174 sanctae
762 1113 949 1172 vocantur
962 1151 975 1184 ,
988 1120 1078 1195 ,quae
1096 1103 1285 1171 sancsione
1300 1150 1312 1185 ,
1329 1119 1392 1169 seu
1412 1096 1508 1193 legis
1527 1100 1664 1193 prohi-

367 1197 516 1276 bitione
540 1218 626 1276 sunt
651 1197 905 1275 inviolabiles.
933 1199 982 1272 Et
1012 1199 1195 1277 Ecclesiae
1226 1197 1486 1274 Sacrosanctae
1518 1225 1664 1278 nuncu·

367 1320 535 1399 pantur,
556 1303 740 1398 ejusmodi
758 1303 896 1390 factae,
920 1317 1005 1376 tum>
1019 1305 1223 1402 religione,
1245 1301 1448 1398 tuthege:
1471 1304 1660 1401 religione

354 1407 542 1498 scilicet,
568 1407 670 1505 quod
691 1407 808 1482 sacris
833 1403 968 1480 ritibus
981 1395 1073 1479 'sint
1097 1406 1182 1479 Deo
1201 1419 1435 1484 consecratae
1453 1427 1465 1496 ς
1486 1405 1572 1505 lege
1590 1408 1667 1484 au·¹

353 1520 473 1599 tem,
500 1513 612 1610 quod
628 1510 795 1599 divinis,
823 1507 1075 1608 humanisque
1097 1504 1359 1606 sanctionibus
1388 1507 1546 1607 quisque
1574 1511 1683 1587 illas·

368 1613 518 1688 violare
549 1628 715 1688 vetetur.

319 1753 325 1761 ·
418 1714 467 1804 V.
495 1703 699 1814 Religiosa'
710 1716 868 1791 demum
895 1715 983 1791 loca
1009 1726 1124 1804 sunt,
1153 1736 1236 1813 quae
1264 1735 1375 1788 sacro
1399 1713 1553 1788 cuidam
1575 1716 1661 1796 usui

361 1817 545 1909 addicta,
576 1819 695 1894 ueluti
727 1820 751 1894 i
779 1820 890 1896 nobis
919 1833 1066 1893 semota
1098 1817 1363 1914 relinquuntur
1383 1838 1477 1903 ιη’μῳ·
1488 1817 1660 1896 deducto
1735 1871 1738 1876 -

351 1917 387 2019 „a
430 1919 548 1996 verbo
591 1921 797 2019 relinqu03
836 1922 939 2020 quod
977 1920 1105 2016 plures
1145 1920 1412 2018 doctioresque
1452 1939 1662 2020 sequuntur

321 2023 750 2121 '·tw,tt>.0,n.-Antiquo
779 2025 1048 2099 Romanorum
1079 2026 1165 2115 jure
1203 2022 1309 2096 locus
1352 2021 1418 2095 ille
1458 2025 1680 2120 religiosus¹

360 2122 472 2213 erat,
502 2146 578 2222 quo
609 2141 779 2200 mortuus
799 2142 898 2200 esset
925 2124 1077 2197 illatus:
1109 2123 1301 2217 sepultura
1328 2124 1432 2196 enim
1459 2127 1577 2200 veluti
1596 2151 1662 2204 re.

361 2225 626 2324 linquebatur,
641 2225 733 2301 dum
754 2230 922 2300 humano
941 2221 1183 2299 eximebatur
1202 2227 1453 2300 commercio:
1471 2232 1564 2325 Leg.
1580 2230 1665 2320 VJ,

356 2343 401 2403 ct
416 2326 469 2406 V
466 2327 540 2404 III
553 2325 650 2424 Dig.
675 2331 719 2404 de
745 2327 871 2425 Relig.
893 2341 932 2401 et
954 2341 1065 2402 sumt.
1092 2327 1211 2402 Porro
1235 2329 1316 2402 haec
1342 2327 1521 2427 Religio,
1543 2356 1661 2429 quam

362 2433 465 2528 apud
491 2431 689 2505 Romanos
709 2431 859 2528 privata
881 2425 1140 2506 constituebat
1156 2431 1385 2521 auctoritas,
1404 2432 1506 2527 apud
1524 2432 1662 2512 Chris·

361 2535 490 2608 tianos
509 2556 585 2605 non
605 2534 685 2607 sine
702 2533 885 2609 Ecclesia
903 2533 1133 2607 auctoritate
1151 2533 1341 2608 inducitur
1356 2558 1368 2623 ς
1392 2534 1506 2622 infer.
1523 2541 1561 2610 in
1579 2537 1662 2617 Tit.

322 2635 330 2645 ’
354 2634 410 2737 ,de
434 2635 664 2730 Sepultoris.
689 2638 807 2710 Porro
825 2631 925 2710 inter
944 2659 1007 2709 res
1029 2639 1188 2724 Sacros,
1216 2634 1397 2725 Sanctas,
1425 2653 1465 2710 et
1488 2638 1664 2737 Religio·
1693 2686 1695 2690 ν

361 2762 422 2813 sas
444 2739 659 2835 prinoipem
685 2740 815 2813 locum
845 2737 990 2813 habent
1018 2736 1293 2828 Sacramenta,
1323 2761 1416 2837 quae.
1435 2741 1552 2815 satius
1579 2743 1660 2825 Res

361 2841 515 2918 divinas
543 2842 710 2935 dixeris,
738 2865 856 2945 quum
878 2844 1003 2919 Deum
1029 2840 1155 2937 ipsum
1175 2840 1350 2918 habeant
1373 2858 1587 2927 auctorem.

651 3168 654 3173 .
757 3098 1139 3176 stannus
1213 3101 1272 3175 m

600 3363 667 3463 *De
696 3361 969 3437 Sacramentis·
988 3358 1174 3433 Ecclesiae
1204 3361 1429 3458 generatim.
1665 3371 1682 3412 ι

381 3542 616 3748 {plures
633 3676 683 3747 de
697 3671 953 3747 Sacramentis
978 3668 1161 3746 Ecclesiae
1180 3672 1394 3767 generatim
1413 3675 1662 3773 questiones,
1684 3698 1687 3702 ’

347 3847 349 3852 .
367 3774 425 3848 uti
440 3774 488 3847 de
506 3777 691 3863 numero,
716 3788 780 3848 in..
804 3777 967 3847 essentia
983 3828 994 3860 ,
1013 3775 1269 3866 necessitate,
1286 3774 1445 3872 aliisque
1464 3779 1659 3881 Titeologi

368 3894 551 3953 tractant.
577 3876 637 3953 nb
667 3879 725 3953 his
758 3899 877 3963 vern,
911 3875 1085 3973 aliisque<
1102 3877 1272 3969 ejusdem
1295 3880 1445 3975 generis
1467 3882 1662 3977 capitibus

370 3979 618 4055 discutiendis
635 4004 675 4055 se
694 3980 888 4055 abstinent
906 3976 1147 4068 Canonistoe,
1165 3982 1232 4053 sed
1250 4003 1332 4076 quae
1351 3983 1449 4055 sacri
1467 3982 1663 4079 Canones,

369 4081 578 4177 synodalia
600 4086 795 4172 Decreta,
823 4097 861 4156 et
880 4082 1048 4188 Ritualia
1067 4083 1104 4154 in
1123 4082 1454 4158 Sacramentorum
1480 4090 1664 4166 adminis-

370 4188 538 4261 tratione
572 4180 759 4262 servanda
795 4185 1054 4280 praecipiunt,
1089 4186 1171 4257 haec
1202 4183 1320 4259 veluti
1348 4190 1547 4285 propriam
1579 4194 1666 4268 mu-

370 4288 474 4361 neris
494 4290 550 4364 sui
581 4306 731 4387 partem
758 4303 1041 4384 exsequuntur,
1065 4305 1180 4384 quant
1203 4302 1243 4361 et
1271 4310 1339 4364 nos
1366 4290 1429 4365 hic
1461 4315 1533 4390 pro
1555 4296 1666 4371 insti.

370 4391 444 4463 tuti
470 4394 592 4464 nostri
614 4396 763 4469 ratione
792 4392 923 4487 paucis
954 4387 1212 4479 absolvemus.
1636 4392 1643 4402 '

424 4494 475 4671 iil.
501 4494 595 4671 Etlr
628 4497 734 4593 quod
761 4497 812 4571 ad
827 4490 1124 4587 necessitatem,
1155 4491 1405 4671 Sachmeota
1420 4495 1677 4591 Necessaria,

462 4621 530 4673 om.
582 4599 615 4673 I.
749 4609 755 4620 ‘
788 4667 790 4671 .
1016 4660 1020 4669 .
1644 4604 1674 4682 ὲ
