4034 5275
464 510 538 586 192
795 488 1078 566 Institutionum
1106 487 1489 566 Catonianam!

433 592 637 683 adnexam,
668 596 705 666 ιι·
722 596 831 689 prius
858 593 935 669 tale
959 591 1165 685 beneficium
1188 591 1377 683 habebat,
1398 615 1436 669 eo
1457 594 1513 668 sit
1539 597 1620 689 ipso
1634 596 1729 698 jare

426 698 632 788 priuatus·
663 714 701 771 et
729 706 765 772 si
784 696 937 789 forte
922 701 955 771 tl
939 695 1019 771 llud
1043 699 1200 776 retinere
1225 695 1479 786 contenderit,
1508 701 1622 772 etiam
1643 700 1726 774 alio

430 800 623 891 spolietur.
645 798 856 888 Praeterea,
881 817 922 874 ut
943 802 980 873 in
1004 801 1127 873 eadem
1148 799 1321 872 Ecclesia
1349 825 1394 873 au
1396 801 1469 873 llas
1486 800 1532 894 pl
1531 806 1614 876 ures
1631 800 1724 898 dig·

432 904 603 991 nitates,
635 917 702 977 aut
729 919 953 998 personatus
984 900 1120 976 habere
1156 917 1387 996 prasumat:
1417 907 1568 977 etiamsi
1595 925 1726 979 curant

431 1028 498 1079 non
522 1007 686 1080 habeant
702 1010 916 1081 atiniarum.
932 1000 1014 1105 (**)
1037 1005 1080 1077 ld
1097 1008 1199 1102 quod
1225 1005 1467 1080 confirmavit
1489 1007 1580 1102 Syn.
1606 1007 1726 1084 ilerd.

430 1129 493 1182 an.
519 1110 672 1202 12r9in
697 1107 867 1203 Compil.
888 1110 1097 1182 Tarracon
1113 1107 1202 1181 Lib
1226 1107 1300 1182 ΙΙΙ
1319 1107 1396 1181 Tit.
1415 1106 1484 1183 IV
1502 1130 1584 1203 sap
1605 1133 1652 1198 1,
1679 1123 1722 1184 et

429 1209 513 1283 Lea
541 1210 614 1284 III
639 1209 716 1283 Tit
744 1209 815 1288 VI
838 1212 983 1284 Partit
1015 1213 1064 1299 I,
1090 1211 1179 1307 quin
1209 1226 1248 1285 et
1271 1212 1462 1285 Arnaldus
1490 1212 1538 1286 de
1571 1212 1721 1289 Peralta

427 1308 610 1408 Episcop.
630 1311 839 1387 Valentio
858 1312 1023 1388 Constit.
1040 1336 1101 1386 an.
1130 1313 1227 1388 1262
1254 1314 1511 1408 pluralitatem
1537 1311 1723 1411 Capella-

429 1415 578 1488 uiarum
599 1415 817 1511 prohibuit,
841 1419 912 1490 etsi
930 1417 1070 1491 fuerint
1093 1414 1393 1519 temporales.(*
1395 1413 1409 1514 )

477 1517 527 1590 V.
553 1517 668 1608 Quod
688 1541 778 1593 vero
805 1521 842 1593 in
872 1521 1040 1594 Decreto
1063 1521 1267 1602 lunocenti
1290 1522 1340 1593 lll
1365 1520 1533 1595 clausula
1552 1521 1619 1596 illa
1648 1519 1720 1595 ad·
1746 1578 1750 1587 .

304 1613 309 1617 ’
423 1621 528 1716 jecta
546 1621 617 1693 sit:
642 1618 758 1696 Cirta
775 1621 948 1695 sublimes
964 1638 1113 1712 tomen,
1138 1638 1179 1695 et
1194 1623 1395 1711 litteratas
1409 1645 1613 1719 personas,
1637 1643 1727 1719 qua·

423 1721 627 1820 majoribus
654 1723 837 1817 benefitiis
854 1743 938 1797 sunt
961 1725 1206 1813 honoranda,
1233 1749 1336 1820 quum
1364 1729 1466 1799 ratio
1493 1726 1722 1820 postulave-¹

423 1831 478 1899 tit
502 1844 569 1920 per
597 1825 731 1899 Senem
759 1827 1019 1923 Apostolitam
1040 1831 1183 1921 poterit
1217 1829 1450 1920 dispensari:
1482 1829 1574 1903 hinc
1603 1850 1722 1925 quam

422 1927 501 2001 lata
528 1927 649 2023 patuit
680 1929 770 2016 via,
798 1950 886 2003 cum
913 1927 1256 2026 dispensationibus
1280 1930 1491 2004 Pontificiis
1516 1933 1721 2026 postulau-

423 2030 509 2118 dis,
538 2054 586 2105 ac
615 2029 892 2125 impetrandis,
924 2049 1004 2106 tum
1027 2057 1175 2131 quoque
1206 2031 1482 2108 Beneficiorum
1514 2034 1718 2128 pluralita-

422 2134 465 2206 ti.
487 2133 637 2209 Adeout
663 2135 772 2230 plura
795 2135 1011 2223 Beneficia,
1039 2135 1156 2210 etiam
1182 2134 1354 2226 Curata,
1380 2158 1448 2231 per
1474 2137 1720 2210 pontificiam

424 2235 748 2329 dispensationem
766 2241 947 2335 consequi
967 2260 1013 2312 ea
1028 2254 1141 2311 aetate
1158 2238 1276 2312 veluti
1287 2241 1348 2328 jus
1368 2238 1604 2309 ordinarium
1623 2261 1719 2313 eva·

425 2339 544 2427 sisse,
573 2355 748 2433 patetex
772 2341 929 2414 decreto
951 2337 1414 2435 Conciliilugdunensis
1433 2338 1469 2410 in
1495 2337 1590 2431 Cap.
1614 2363 1635 2436 3
1670 2340 1722 2414 de

423 2437 560 2533 Officio
578 2442 760 2514 ordinarii
780 2444 817 2514 in
835 2441 883 2514 V
881 2442 907 2513 I
915 2497 928 2532 ,
949 2439 1016 2516 ubi
1034 2442 1306 2520 tantummodo
1324 2441 1570 2536 Dispensatio
1586 2441 1723 2535 Apos-

312 2580 340 2592 ·-
427 2541 756 2641 tolicaEpiscopo
773 2544 989 2620 exhibenda
1008 2544 1266 2644 prescribitur
1281 2558 1354 2632 ,et
1370 2564 1417 2618 ex
1433 2542 1723 2620 Constitutione

426 2647 585 2743 Joannis
616 2650 719 2722 Xlill
749 2652 1052 2767 Extrauag‘···4
1059 2648 1103 2723 de
1135 2645 1352 2724 Ptaebendis
1385 2650 1423 2719 in
1451 2645 1721 2742 Communibus,

369 2752 374 2759 '
424 2748 491 2822 ubi
507 2749 682 2841 Summus
700 2751 873 2826 Pontifex
891 2753 940 2824 de
959 2751 1071 2823 nimis
1096 2750 1353 2848 frequentibus
1370 2749 1720 2847 dispensationibus

425 2853 696 2963 conqueritur,
726 2877 817 2951 quas
846 2853 1066 2947 importuna
1090 2855 1283 2950 quadam,
1313 2867 1355 2925 et
1379 2851 1605 2927 exsecrabili
1634 2875 1720 2928 arn.

423 2951 570 3028 bitione
588 2977 702 3053 aeque
713 2955 891 3042 Clerici,
911 2974 958 3029 ac
976 2954 1163 3051 Religiosi
1186 2954 1235 3030 ab
1261 2954 1310 3029 R.
1329 2953 1572 3034 Pontificibus
1591 2954 1719 3050 potius
1754 3007 1759 3013 -

424 3073 677 3152 extorquere,
705 3081 818 3155 quarn
843 3054 1018 3131 obtinere
1042 3056 1273 3136 nitebantur.
1290 3056 1389 3131 Tum
1407 3057 1539 3161 ibidem
1556 3058 1713 3153 dispen-

426 3155 636 3233 sat-ionibus
659 3162 902 3233 moderamen
924 3159 1200 3255 imponendum
1224 3157 1574 3234 sarcinatorem
1593 3182 1714 3259 neque

425 3261 523 3337 inde
546 3277 724 3353 tanturn,
753 3262 1196 3382 tamquerperniciosum
1229 3261 1323 3335 illud
1348 3262 1489 3351 malum
1515 3262 1641 3379 aliqua
1667 3283 1738 3349 ex,

426 3382 538 3476 parte
566 3366 837 3454 imminutum,
867 3366 997 3461 immo
1015 3383 1054 3440 et
1081 3382 1248 3440 auctum.
1277 3365 1439 3439 Inducto
1467 3364 1570 3438 euim
1595 3364 1713 3439 Unio·

427 3471 548 3554 uum,
575 3453 931 3555 Commendarum,
959 3466 998 3541 e't
1025 3469 1252 3541 Pensionum
1279 3488 1434 3570 more,
1439 3465 1716 3573 Beneficiorum

416 3568 654 3664 pluralitas,
678 3569 798 3643 veluti
820 3572 985 3687 quodam
1008 3569 1126 3665 pallio
1148 3585 1248 3643 tecta
1277 3583 1361 3656 est,
1389 3533 1443 3643 uti
1471 3592 1560 3643 mox
1580 3565 1716 3644 obser

428 3670 616 3747 vabimus.
641 3670 762 3766 Coadj
768 3673 896 3747 utoriae
917 3694 1066 3771 quoque
1095 3672 1324 3769 frequentius
1353 3672 1572 3746 admissae
1562 3694 1599 3744 ιιι
1620 3694 1715 3759 cnu-
1743 3729 1746 3734 .

429 3797 471 3850 sa
494 3790 631 3868 erant,
660 3797 728 3850 cur
746 3697 900 3856 Jiisdem
899 3772 1153 3849 abusionibus
1177 3776 1389 3849 remedium
1421 3774 1585 3848 feliciter
1608 3776 1716 3849 adhi-¹

430 3876 515 3953 beri
533 3901 607 3952 nou
629 3894 768 3975 posset
788 3875 850 3954 De
863 3876 1118 3971 coadjutoriis
1136 3878 1230 3952 satis
1243 3875 1331 3952 Lib.
1347 3895 1467 3970 snper.
1478 3876 1556 3950 Tit.
1574 3875 1715 3951 XVro

376 4046 379 4058 .
427 3982 505 4053 Hic
531 3984 798 4056 tantummodo
813 3994 954 4071 napum
969 3980 1092 4058 obiter
1112 3980 1523 4069 animadvertendum,
1547 3976 1716 4073 Coadjua

428 4083 547 4156 turias
564 4106 652 4159 cum
670 4085 794 4160 futura
810 4083 1047 4158 successione
1062 4079 1375 4175 novissimojure
1386 4083 1511 4177 Neap.
1527 4102 1609 4156 esse
1626 4080 1718 4158 absa

428 4183 538 4261 litas:
563 4185 719 4283 Regium
743 4187 922 4284 Dipioma
940 4190 1071 4282 diea4
1094 4183 1265 4281 Augusti
1289 4204 1397 4282 1750.
1413 4180 1495 4285 (**)
1515 4184 1590 4258 Sed
1612 4183 1731 4274 mul·¹

399 4302 469 4392 ‘to
487 4305 577 4365 ante
607 4312 671 4365 eas
695 4287 850 4365 abolere
871 4302 1067 4364 tentarunt
1093 4290 1234 4363 nedum
1260 4286 1435 4363 Concilia
1459 4290 1716 4362 lateranense

332 4430 335 4435 ⁴
408 4391 495 4470 'sub
518 4393 740 4468 Alexandro
767 4395 850 4482 lll-,·
873 4407 913 4468 et
934 4391 1109 4467 Trident.
1133 4387 1238 4467 Sess.
1259 4410 1353 4468 ssa
1375 4388 1461 4483 Ref.
1485 4407 1567 4483 rap.
1593 4408 1646 4489 7,
1671 4401 1716 4463 et

426 4496 661 4572 Alexander·
681 4494 736 4571 Vi
751 4495 871 4571 motu
898 4494 1058 4595 proprio
1082 4517 1146 4582 an.
1181 4516 1310 4595 1499,
1338 4494 1407 4568 sed
1433 4508 1477 4579 et
1499 4492 1718 4607 Reges-ips
1746 4495 1750 4501 '

404 4637 431 4657 ,.
1075 4654 1077 4656 ,
1521 4627 1523 4631 2
1687 4611 1723 4666 st
