4034 5275
742 471 941 556 ‘LiberIL
974 477 1123 556 Titulus
1144 481 1306 558 XXIII.
1583 508 1659 590 227

372 583 506 686 ‚tinnis
530 583 722 683 progeniti
744 588 793 659 ad
815 584 1107 659 Praebendarum
1127 609 1401 763 possessqqem
1419 587 1682 688 admittantur,

390 691 494 781 cujus
515 688 707 787 inquisitio
736 689 851 784 ipsius
881 688 1106 762 Praesentati
1128 712 1282 786 expensi
1356 693 1534 767 erficitur.
1557 694 1682 774 Aliter

388 793 518 864 tamen
543 793 683 866 sentire
706 791 775 864 visi
799 808 884 865 sunt
901 790 991 885 Syn.
1014 790 1139 865 Tolet.
1164 791 1217 864 tv
1240 792 1369 869 Patres
1386 795 1479 870 Can.
1496 817 1569 868 aar
1585 798 1678 877 alias

368 912 447 981 ,Μ’
465 915 509 966 ea
534 893 864 968 adductiratione
891 915 939 965 ex
969 892 1113 967 Erech.
1141 893 1236 988 Cap.
1270 894 1429 971 XVIII
1445 901 1672 998 depromta,

385 997 487 1091 quod
513 994 638 1069 Filius
665 1020 731 1071 non
748 993 924 1093 portabit
949 999 1186 1090 iniquitatem
1206 1001 1345 1091 porris.
1363 995 1418 1100 (*)

397 1163 410 1187 ,.
437 1099 521 1171 ΧΠ.
551 1100 635 1172 Duo
670 1098 734 1172 hic
776 1099 1043 1174 tantummodo
1083 1117 1283 1194 supersunt
1319 1102 1673 1187 animadvertendas

388 1220 405 1272 1
433 1199 676 1284 Sanctionem
698 1201 963 1274 Tridentinam
979 1202 1027 1275 de
1045 1217 1155 1275 aetate
1175 1205 1463 1299 quatuordecim
1480 1231 1669 1293 annorum

365 1303 433 1388 ‘ad
458 1302 667 1400 obtinenda
693 1302 908 1392 Beneficia,
932 1326 979 1379 ex
1002 1305 1112 1399 praxi
1129 1305 1209 1396 jam
1228 1304 1388 1396 inolita,
1409 1310 1456 1382 de
1475 1309 1673 1388 Beneficiis

381 1405 649 1480 tantummodo
668 1422 752 1501 post
775 1406 1070 1493 Tridentium,
1098 1429 1172 1479 noo
1197 1429 1289 1484 vero
1307 1425 1397 1484 ante
1412 1411 1580 1504 eiusdem
1599 1415 1672 1512 Sy·

382 1508 475 1580 nodi
493 1524 668 1604 tempora
690 1508 932 1596 constitutis,
953 1509 1255 1604 intelligendam.
1443 1571 1448 1580 .

378 1629 463 1683 '1:2⁴
486 1611 575 1707 Jure
611 1611 831 1693 Novissimo
868 1610 994 1707 Neap.
1018 1604 1224 1684 Concord.·
1243 1635 1307 1689 an.
1341 1634 1437 1714 1741
1468 1613 1568 1714 Cup.
1602 1600 1676 1690 IV

380 1717 459 1784 αντ.
487 1726 536 1808 3,
565 1726 649 1805 ets
681 1736 750 1808 pro
780 1713 904 1808 prima
926 1711 1107 1810 clericali
1129 1712 1314 1807 tonsura,
1341 1717 1504 1817 ideoque
1534 1724 1572 1794 et
1599 1724 1670 1816 pio'

358 1888 361 1896 ,
379 1805 578 1905 Beneficiis
604 1814 821 1891 obtinendis
838 1831 928 1889 aetas
952 1815 1154 1911 requiritur
1171 1818 1459 1915 quatuordecim
1482 1844 1669 1899 annorum

361 1915 516 2016 ,saltem
535 1917 814 2012 incoeptorum3
830 1917 1076 2012 excipiuntur
1087 1933 1216 1993 tamen
1235 1919 1396 2010 arctati,
1413 1923 1586 2013 scilicet,
1602 1925 1668 2021 qui

363 2013 442 2091 'tel
461 2019 544 2115 lege
563 2021 792 2117 fundationis
810 2021 860 2093 ad
876 2019 1065 2093 Beneficia
1085 2035 1294 2112 vocantur,
1317 2023 1379 2096 vel
1397 2023 1420 2095 ai
1436 2027 1668 2122 consangui-

377 2120 460 2219 neis
487 2123 561 2195 suis
583 2122 753 2196 activum
772 2139 1014 2217 patronatum
1040 2119 1267 2196 habentibus
1286 2139 1573 2218 praesentantur.
1598 2127 1668 2224 lgi-

378 2221 441 2294 tur
459 2221 695 2298 Beneficinrii
717 2226 854 2298 arctati
887 2229 1116 2315 censentur,
1139 2242 1219 2299 tum
1242 2227 1306 2323 qui
1322 2227 1477 2318 activo,
1499 2243 1579 2301 tum
1604 2228 1669 2326 qui

375 2327 529 2416 passivo
567 2328 619 2411 ad¹
656 2327 844 2402 Beneficia
877 2325 1087 2401 obtinenda
1124 2330 1432 2424 jurepatronatus
1468 2340 1671 2406 vocantur.

376 2418 458 2526 (³¹⁹⁸)
481 2429 571 2524 Jure
587 2429 765 2523 'Hispano
787 2432 942 2504 Decret.
971 2427 1147 2505 Trident.
1168 2429 1278 2518 Sess,
1298 2449 1409 2505 rum
1430 2429 1520 2524 Ref.
1542 2433 1667 2526 cap.6

375 2532 501 2622 quoad
531 2530 687 2604 aetatem'
708 2531 999 2630 quatuordecim·
1022 2547 1207 2604 annorum
1235 2534 1285 2606 ad
1306 2532 1514 2608 obtinenda
1546 2534 1670 2608 Bene·

374 2627 463 2728 fleis
486 2634 751 2726 confirmatum
777 2652 858 2710 est:
886 2635 979 2708 Art.
1008 2627 1078 2704 IV
1100 2631 1278 2710 concord.
1305 2658 1367 2710 au.
1395 2656 1507 2735 ¹737·
1535 2627 1592 2737 (*)

362 2737 527 2810 '‘Xlll'.
555 2737 646 2812 Sunt
679 2738 796 2813 etiam
827 2733 1031 2823 nonnulli,
1062 2736 1126 2831 qui
1156 2738 1248 2811 licet
1281 2759 1357 2811 non
1387 2756 1588 2813 arceantur
1616 2736 1668 2813 ab

373 2838 577 2927 omnibus,
606 2838 634 2929 a
654 2841 768 2914 certis
798 2834 1129 2915 temenarcerrtu'r
1152 2839 1428 2937 Beneficiprum
1453 2839 1666 2936 speciebus:

372 2938 588 3032 huiusmodi
607 2959 692 3015 sunt
713 2943 782 3014 filii
798 2997 809 3030 ,
826 2941 967 3039 quibus
989 2957 1095 3028 sptem
1117 2944 1330 3018 -nnmediare
1355 2943 1461 3017 Patri
1485 2944 1522 3014 in
1547 2942 1671 3016 Bene.-

376 3038 465 3130 ficio
494 3043 698 3124 succedere
728 3045 890 3118 vetitum
914 3060 993 3118 est:
1020 3046 1114 3139 Cap.
1146 3067 1170 3140 3
1196 3046 1244 3117 ‘de
1270 3043 1387 3118 Filiis
1420 3046 1669 3135 Presbytero·

378 3161 481 3217 rum:
507 3147 551 3219 ld
573 3148 675 3245 quod
699 3147 748 3220 'de
769 3145 946 3221 omnibus
967 3149 1125 3223 omniuo
1147 3146 1234 3220 filiis
1251 3166 1355 3243 aeque
1372 3147 1580 3245 illegitimis
1594 3203 1606 3236 ,
1622 3170 1670 3223 ac

369 3240 588 3342 legitimis,
612 3247 760 3323 scilicet
788 3265 877 3322 ante
899 3250 1161 3323 Sacerdotium
1189 3250 1424 3343 progenitis,
1451 3273 1498 3321 ex
1528 3251 1668 3324 veriori
1693 3340 1697 3347 ι

356 3420 358 3426 ,
381 3344 678 3423 canonistarum
696 3352 884 3424 sententia
902 3348 1210 3448 intelligendum:
1227 3345 1425 3423 Gonzalez
1440 3350 1491 3422 ad
1506 3347 1599 3444 Cap.
1623 3347 1668 3453 17

378 3447 494 3547 ejusd.
513 3450 589 3525 Tit.
607 3452 691 3525 Filii
712 3475 803 3528 vero
822 3452 1037 3549 illegitimi,
1062 3452 1152 3524 licet
1169 3451 1373 3545 impetrata
1391 3452 1584 3525 Pontificrs
1603 3461 1672 3527 ve·‡
1749 3497 1756 3506 =

334 3614 344 3623 .
380 3551 446 3630 nia
477 3530 751 3643 Bene‘fflb‘rum
775 3578 936 3650 capaces
958 3554 1151 3641 evadant,
1179 3568 1348 3626 attamen
1372 3554 1600 3628 Beneficium
1630 3556 1670 3630 in

350 3735 355 3742 ,
381 3675 426 3739 ea
445 3654 616 3742 Ecclesia
633 3658 813 3754 consequi
830 3673 1035 3745 vetantur,
1055 3657 1092 3729 iu
1110 3677 1183 3751 qua
1201 3654 1310 3728 Pater
1328 3656 1464 3731 adhuc*
1473 3674 1529 3729 est
1548 3657 1672 3731 Bene·

351 3752 353 3755 ’
383 3750 572 3836 ficiarius:
590 3758 687 3853 ¹Cap.
715 3767 769 3849 ις’
782 3780 860 3830 cum
878 3781 954 3854 seq.
977 3756 1052 3835 eod.
1074 3760 1140 3850 tit.
1157 3772 1238 3829 tum
1256 3774 1295 3831 et
1320 3758 1501 3831 vicariam
1515 3834 1518 3840 4
1534 3760 1685 3854 perpe.¹

351 3857 488 3951 ,tuam
520 3854 559 3935 in
583 3883 629 3935 ea
659 3882 768 3935 sacra
799 3859 907 3949 aede,
939 3861 977 3951 in
1007 3882 1081 3956 qua
1111 3857 1294 3953 proxime·
1313 3875 1401 3933 ante
1431 3860 1534 3955 ipsos
1560 3860 1673 3938 Pater

384 3958 560 4037 habuerit
583 3956 853 4058 personatum:
884 3960 977 4057 Cap.
1013 3984 1058 4057 13
1085 3959 1176 4035 ibid.
1200 3960 1250 4035 Et
1277 3962 1492 4058 generatim
1524 3961 1671 4059 Synod.

353 4144 355 4149 ,
384 4060 557 4157 Trident.
574 4066 623 4139 de
646 4066 733 4138 filiis
750 4064 959 4161 illegitimis
976 4062 1215 4137 Clericorum
1235 4063 1290 4137 sic
1308 4067 1454 4138 sanxit:
1477 4064 1531 4145 Ut
1544 4063 1686 4159 pater-⁸

386 4169 732 4261 rso-‘incontinentiae
748 4159 919 4239 memmio
935 4165 968 4238 ri.
978 4166 1070 4239 locis
1084 4163 1169 4265 Deo
1186 4172 1433 4257 consecratis,
1451 4190 1539 4261 quos
1556 4172 1674 4244 araxi·

365 4275 437 4363 ¹tu'e
454 4274 615 4363 ,paritur
631 4326 656 4361 ,.
673 4270 929 4362 sanctitasque
962 4266 1094 4355 decet,
1128 4271 1339 4363 longissime
1374 4284 1576 4368 arcentor,
1608 4276 1688 4347 non

381 4365 504 4464 'liceat
519 4372 619 4466 filiis
639 4371 892 4455 Clericorum,
915 4372 977 4463 qui
999 4393 1066 4441 non
1082 4391 1130 4442 err
1145 4370 1310 4469 legitimo
1333 4374 1415 4444 nati
1438 4385 1522 4445 sunt
1544 4379 1677 4451 marris

385 4470 557 4574 municio
585 4475 798 4565 Ecclesiis,
825 4470 898 4548 ubi
911 4493 1029 4548 eorum
1045 4485 1180 4569 putres
1204 4470 1409 4648 beqefirium
1432 4474 1579 4571 aliquod
1602 4470 1675 4549 Er·

424 4573 535 4651 Tum.
575 4576 632 4654 II.
824 4601 827 4606 ·
1226 4576 1254 4652 F
1541 4639 1543 4644 .
1606 4577 1677 4653 cle·
