4034 5275
721 528 723 537 ·
761 470 957 558 hrioli.
971 472 1119 554 Titulus
1136 471 1184 551 V
1187 470 1279 555 m.

352 655 354 658 ,
376 582 479 666 narii
507 580 661 664 Montio
673 638 697 677 ‚¹
718 596 759 660 et
782 584 916 662 duobus
932 639 949 675 ‚.
973 584 1038 659 uel
1052 582 1175 660 tribus
1191 576 1357 658 testibus
1373 577 1658 668 Matrimonium

360 691 576 768 contrahere
594 686 862 779 odoraminum
882 710 943 763 eos
959 685 1006 761 S.
1021 686 1193 778 Synodns
1215 689 1267 760 nd
1289 689 1346 761 ric
1368 691 1653 770 contrabendum

356 798 496 869 omnino
523 791 708 876 inhabiles
723 789 887 866 reddit:
914 804 953 865 et
983 788 1184 890 hujusmodi
1204 806 1418 864 contractus
1439 796 1596 887 irritos,
1612 813 1651 877 et

347 897 478 978 ,nultos
493 910 593 973 esset
607 895 771 971 decernit
783 906 802 980 ,’
813 907 924 989 prom
941 915 1002 966 eos
1014 899 1193 986 praerenti
1205 890 1370 968 Decreto
1383 898 1517 970 irritos
1525 897 1649 993 furit,

357 998 400 1072 ‘et
414 1001 600 1075 annullat.
616 997 735 1096 Igitur
752 994 1000 1070 Matrimonia
1028 988 1297 1082 clandestina,
1317 1018 1399 1093 quae
1418 999 1510 1073 olim
1530 1004 1650 1080 vetita

359 1102 629 1177 tantummodo
643 1111 773 1188 erant,
782 1101 868 1191 jure
885 1097 1093 1172 novissimo
1108 1098 1212 1171 nulla
1226 1098 1342 1172 etiam
1358 1115 1463 1191 sunt,
1476 1118 1514 1175 et
1527 1103 1650 1182 irrita.

353 1243 357 1251 ·
410 1204 476 1278 lX.
502 1201 581 1279 Ubi
591 1202 681 1293 lnir,
704 1216 743 1276 et
763 1201 899 1275 mulier
914 1203 952 1274 in
968 1201 1129 1274 diversis
1145 1200 1337 1274 Parochiis
1358 1204 1527 1299 degant,
1557 1206 1649 1284 licet

357 1300 567 1400 SymTrid.
590 1327 666 1381 non
683 1303 901 1380 definiverit
917 1325 1051 1379 coram
1082 1324 1157 1400 quo
1173 1302 1345 1377 Parocho
1360 1305 1653 1386 Matrimonium

354 1404 643 1504 celebrandum
657 1407 735 1497 sit,
764 1420 894 1488 tamen
911 1405 1177 1501 utplurimum
1199 1426 1248 1478 ex
1273 1406 1528 1501 peculiaribus
1552 1411 1650 1490 loco·

358 1527 445 1602 rum
459 1502 614 1586 Statutis
635 1532 763 1585 coram
782 1508 956 1585 Parocho
984 1508 1155 1582 mulieris
1171 1508 1421 1583 Matrimonia
1448 1509 1650 1589 celebran-

356 1619 444 1685 tur:
478 1613 599 1710 {Sym
618 1613 727 1686 Prov.
743 1611 869 1709 Neap.
883 1629 967 1704 cap.
982 1630 1047 1704 40.
1077 1611 1174 1682 Tum
1196 1610 1349 1683 nonnisi
1364 1611 1556 1688 Parochus
1577 1617 1651 1692 do-

343 1714 492 1802 >5micilii
519 1718 571 1791 ad
585 1715 877 1789 Matrimonium
906 1713 1078 1810 legitime
1099 1715 1332 1788 advocatur:
1367 1715 1515 1790 scilicet
1533 1716 1652 1796 Paro-

352 1815 450 1903 chus
480 1818 582 1892 illius
599 1817 822 1905 Parochiae‚
851 1816 889 1889 in
914 1838 988 1914 qua
1019 1815 1156 1888 mulier
1178 1812 1295 1907 juxta*
1320 1839 1584 1912 communem,
1602 1846 1651 1900 ac

354 1919 556 2015 vulgarem
595 1919 776 2017 loquendi
813 1920 971 1993 modum
1010 1917 1247 1992 domicilium
1282 1915 1426 1994 habere
1460 1916 1652 2001 censetur}

352 2023 531 2114 quamvis
552 2043 629 2093 non
648 2023 699 2094 ita
717 2021 859 2106 fixum,
883 2036 927 2093 ut
941 2034 1126 2114 perpetuo
1145 2018 1197 2090 ibi
1213 2042 1368 2093 manere
1388 2023 1572 2097 intendat.
1598 2025 1651 2102 Et

352 2116 422 2192 ubi
447 2116 486 2194 in
506 2121 651 2195 duabus
669 2120 862 2195 Parochiis
880 2120 933 2193 ita
950 2116 1165 2205 inhabitet,
1187 2137 1228 2194 ut
1244 2121 1283 2192 in
1300 2138 1459 2220 utraque
1475 2147 1523 2197 ex
1540 2149 1649 2223 aequo

351 2221 594 2298 domicilium
621 2223 765 2298 habere
791 2237 1019 2316 censeatur,
1055 2222 1197 2321 poterit
1223 2245 1270 2297 ex
1295 2223 1445 2299 duobus
1467 2227 1650 2307 Parochis

351 2322 579 2400 alterutrum
614 2327 788 2424 seligere.
974 2376 976 2381 -
1644 2362 1647 2369 ·

406 2429 456 2500 X.
480 2428 612 2527 Vagos
625 2431 918 2528 quodspectat,
940 2427 1005 2525 qui
1019 2427 1218 2524 proprium
1236 2427 1423 2505 domicilii
1432 2431 1646 2512 Parochum

352 2547 431 2601 non
462 2531 636 2620 habent,
672 2553 719 2604 ex
750 2530 843 2625 Syn.
867 2530 1042 2603 Trident.
1071 2531 1293 2625 praescripto
1335 2556 1351 2606 1
1391 2535 1494 2607 haud
1533 2537 1648 2614 facile

351 2631 404 2704 ad
421 2631 672 2707 Matrimonia
694 2630 935 2706 admittendi.
966 2631 1184 2705 2Parochis
1204 2634 1447 2727 cavendum,
1475 2659 1523 2710 ne
1558 2640 1649 2724 illo,-

352 2727 438 2807 rum
454 2736 710 2811 Matrimonirs
741 2735 943 2823 intersint,
976 2733 1048 2807 nisi
1070 2733 1174 2829 prius
1194 2734 1418 2833 diligentem
1436 2737 1648 2837 inquisitio&

354 2838 639 2927 nem-fecerint,
659 2853 699 2913 et
712 2860 753 2911 re
765 2839 814 2912 ad
829 2835 1078 2912 Ordinarium
1095 2835 1246 2926 delata,
1266 2835 1316 2912 ab
1329 2859 1376 2911 eo
1392 2840 1587 2917 licentiam
1604 2843 1647 2920 id

352 2936 516 3015 faciendi
547 2935 800 3015 obtinuerintr
825 2936 941 3039 3Ubi
969 2939 1152 3015 alteruter
1177 2960 1226 3014 ex
1250 2941 1396 3037 sponsis
1421 2942 1537 3018 lixum
1572 2946 1646 3022 ali·

352 3039 444 3115 cubi
467 3043 703 3118 domicilium
731 3040 898 3131 habeat,
929 3063 1061 3117 coram
1092 3042 1200 3134 nujus
1220 3042 1296 3116 loci
1315 3042 1488 3120 Parocho
1505 3048 1646 3124 Matri·

357 3146 529 3222 monium
566 3161 624 3230 est
659 3146 990 3235 contrahendum
1024 3144 1206 3242 eoquod
1236 3144 1291 3217 sic
1318 3144 1554 3224 Tridentino·
1580 3154 1647 3227 de·
1703 3180 1704 3186 ¹

355 3249 576 3324 conlocatis
609 3250 704 3337 fiat,
736 3251 837 3346 quod
862 3246 1011 3344 proprii
1025 3241 1188 3321 Parachi
1210 3248 1450 3343 praesentiam
1475 3252 1649 3349 requisiti

355 3346 476 3425 Porro
492 3349 600 3443 4=ubi
616 3366 774 3447 uterque
794 3370 1019 3445 sponsorum
1042 3366 1177 3422 revera
1193 3369 1313 3443 vagus
1337 3350 1411 3438 sit,
1440 3374 1486 3426 ac
1513 3369 1648 3429 neuter

356 3452 556 3548 proprium
574 3453 653 3528 ulla
677 3454 824 3528 ratione
841 3452 1055 3527 Parochum
1086 3446 1228 3524 habere
1245 3451 1421 3526 videatur
1438 3507 1451 3543 ‚
1474 3455 1651 3533 attamen

355 3576 488 3630 coram
504 3527 678 3632 l'arocho
694 3552 850 3632 omnino
867 3550 1161 3646 Matrimonium
1178 3565 1236 3627 est
1253 3559 1581 3653 contrahendum,
1602 3554 1658 3639 nt'

355 3653 526 3734 ualidum
542 3660 602 3733 sit.
621 3662 829 3756 5·Demnm
852 3658 941 3755 vagi
973 3658 1023 3730 ad
1037 3647 1327 3730 Matrimonium
1347 3681 1422 3733 non
1441 3662 1645 3740 admitten-

356 3759 426 3848 di·‚'
453 3761 531 3833 nisi
559 3762 693 3833 saltem
719 3754 1035 3835 adtestationibus
1053 3758 1273 3845 Pastorumr
1303 3758 1372 3833 ubi
1397 3762 1652 3854 novissimam·¹

356 3857 488 3937 sedem
506 3860 747 3951 habuerint,
773 3858 937 3957 probent
959 3862 1136 3934 -sesornni
1161 3861 1426 3952 matrimonii,
1453 3873 1517 3940 aut
1535 3866 1653 3966 spons,

357 3966 492 4040 sallum
516 3966 671 4041 vinculo
693 3987 775 4039 esse
793 3965 947 4046 solutos.
969 3957 1177 4062 ·(**)ld·em
1195 3965 1274 4040 sere
1304 3963 1495 4065 intelligas
1512 3973 1560 4046 de
1577 3995 1646 4049 ex-·

357 4069 478 4160 teris,
506 4083 546 4145 et
576 4068 714 4167 ignotis
730 4067 975 4164 hominibus,
995 4087 1091 4162 quos
1108 4088 1183 4139 non
1202 4082 1347 4141 temere
1374 4072 1424 4143 ad
1440 4071 1649 4154 Monimo.-

358 4170 466 4246 nium
494 4172 780 4262 admittendos,
810 4169 884 4244 nisi
907 4172 956 4243 de
979 4189 1112 4243 eorum
1142 4168 1347 4268 libertate,
1383 4183 1422 4246 e't
1442 4174 1652 4257 denuntia·'

357 4287 418 4347 tos
440 4294 585 4372 quoque
613 4275 651 4348 in
678 4295 745 4346 sua
774 4273 888 4346 fuisse
908 4271 1190 4359 permutaret
1220 4271 1389 4346 Dioecesi
1419 4280 1653 4357 constiteritt'·

357 4375 460 4449 laud.
488 4375 585 4471 Sym·
606 4375 758 4473 Hispal:
787 4371 1324 4474 Capa=llllXMt.‘'Ordionrins
1352 4375 1652 4476 vernusubjiciti

358 4475 453 4575 Syn.
476 4478 631 4653 V-nlffnt.
652 4497 720 4564 an.
753 4476 851 4574 1565
873 4476 970 4553 seso
998 4475 1142 4552 ll--Tit
1164 4477 1319 4653 {zllcap
1350 4480 1407 4553 a&
1441 4481 1658 4587 alias-29)²

320 4584 328 4595 .
385 4613 388 4618 ’
412 4580 545 4660 rauel
568 4634 582 4658 ο
742 4629 749 4654 ὲ
842 4625 844 4629 “
1585 4588 1641 4661 ni·
