4034 5275
665 587 667 591 ,
714 537 736 586 r.
751 506 871 587 Liber
901 507 960 583 rt.
990 504 1140 585 Titulus
1169 504 1248 582 IV.
1579 528 1627 607 31

356 608 696 690 Soro'atictorita'te
713 613 851 700 nixus,
872 610 1083 688 obtinuisse
1099 609 1192 683 olim
1213 611 1251 682 in
1269 607 1485 706 Hispania,
1507 630 1584 684 nou
1604 608 1660 685 ait

359 715 536 792 obtinere
559 740 686 806 nunc,
708 719 811 815 quod
827 715 887 792 SS.
905 712 1155 813 Eucharistiae
1173 712 1462 787 Sacramentum
1486 730 1661 787 extremo

358 820 552 917 supplicio
576 819 1019 917 puniendisnegaretur.
1041 807 1474 908 Quinimmosilvium,
1495 817 1664 912 aliosque
1743 892 1746 897 ,

361 923 565 998 contrariae
584 945 685 996 nunc
711 922 859 996 usitatae
890 918 1175 996 consuetudinis
1204 932 1318 993 testes
1349 916 1519 993 adducit.
1541 918 1661 995 Porro
1732 932 1743 950 ·

363 1025 440 1099 etsi·
455 1026 676 1121 Alphonsus
698 1025 858 1121 Sapiens
880 1024 975 1125 Leg.
996 1021 1091 1100 VII
1105 1019 1183 1096 ru.
1205 1020 1321 1094 XIII
1332 1021 1448 1101 Part.
1471 1019 1499 1093 I
1508 1021 1664 1116 capita·

362 1125 392 1201 li
415 1149 533 1222 poena
557 1127 771 1223 plectendis
790 1128 821 1200 si
843 1128 1051 1223 petierint,
1077 1122 1358 1199 Eucharistiam
1381 1108 1660 1224 conferendam

363 1251 448 1304 esse
471 1230 733 1330 decrevisset,
755 1233 837 1306 Lex
854 1246 982 1304 tamen
1002 1228 1073 1303 ista
1092 1228 1156 1301 vel
1172 1229 1221 1301 ad
1240 1228 1389 1322 praxim
1408 1228 1567 1301 redacta
1586 1249 1665 1307 non

357 1349 447 1421 est,
478 1333 691 1428 prasertim
715 1356 832 1431 quum
862 1330 1049 1429 aliquibus
1079 1330 1117 1403 in
1144 1352 1263 1427 grave
1295 1329 1394 1405 Ven.
1423 1329 1663 1409 sacramenti

360 1434 531 1508 dedecus
547 1437 685 1511 cedere
701 1437 826 1511 visum
843 1452 962 1522 esset,
978 1433 1080 1531 quod
1097 1430 1148 1507 ob
1166 1433 1357 1519 atrociqra
1375 1432 1538 1508 crimina
1557 1434 1662 1509 dam·

361 1537 462 1626 natis
486 1539 809 1629 traderetur,.uti
835 1539 998 1611 Andreae
1025 1532 1197 1611 Albalati
1222 1537 1261 1608 in
1286 1535 1396 1632 praef.
1426 1534 1590 1610 Constit.
1615 1535 1662 1611 de
1763 1584 1765 1589 ,

360 1635 525 1733 Corpore
547 1635 642 1733 Je'su
659 1639 813 1715 Chrr'rtr‘
835 1646 866 1728 §.
880 1638 950 1734 fin.
967 1638 1032 1714 vel
1055 1637 1135 1712 Soti
1152 1659 1236 1715 aevo
1254 1639 1336 1731 jam
1357 1637 1592 1716 exoleverat.
1609 1635 1665 1740 (²¹¹)

368 1756 386 1811 “.
413 1735 496 1842 (**)
523 1742 629 1817 Vlll.
654 1743 792 1842 Neque
815 1744 976 1818 miretur
1003 1740 1193 1838 quispiam
1218 1741 1449 1837 Hispaniam
1472 1759 1663 1835 nostram,

358 1839 646 1918 Eucharistia'm
679 1846 720 1918 id
743 1867 861 1944 genus
882 1842 1103 1920 hominibus
1129 1844 1351 1940 denegasse.
1379 1844 1482 1917 Sciat
1506 1862 1664 1940 oportet

356 1942 559 2040 Synodum
578 1946 859 2022 Illiberitanam
877 1969 985 2044 spem
1006 1968 1162 2021 ornnem
1182 1947 1340 2036 viatici,
1363 1947 1495 2043 pacis,
1520 1970 1660 2022 recoo-

356 2047 596 2136 ciliationis,
612 2050 912 2135 communionis,
930 2049 1046 2125 etiam
1065 2049 1104 2120 in
1121 2049 1196 2147 flue
1213 2049 1303 2121 virae
1319 2050 1549 2143 recipiendae
1567 2073 1660 2146 gra·

356 2149 612 2224 vissimorunr
638 2148 897 2246 patratoribus
917 2149 1123 2223 criminum
1144 2146 1355 2224 abstulisse.
1385 2150 1487 2224 Sicut
1512 2175 1663 2251 quoque

358 2248 559 2347 synodum
576 2251 733 2329 Bracar.
755 2257 784 2328 l.
801 2250 897 2346 Cap.
918 2249 1036 2330 XVI
1045 2250 1139 2325 alias
1158 2251 1252 2327 Caii.
1277 2272 1422 2328 mm
1442 2256 1663 2330 constituis-

357 2371 424 2442 se,
447 2356 550 2452 quod
567 2355 616 2427 de
635 2355 718 2445 his,
741 2351 802 2450 q'ur‘
814 2373 883 2448 pro
902 2357 989 2434 suis,
1003 2354 1204 2435 sceleribus
1225 2359 1452 2449 puniuntur,
1475 2357 1577 2433 nulla
1596 2361 1666 2434 fiee.

364 2461 427 2534 iet
447 2457 795 2545 commemoratio,
818 2479 939 2554 neque
956 2479 1090 2539 eorum
1115 2459 1304 2532 cadavera
1323 2480 1410 2532 cum
1437 2460 1593 2555 psalmis
1610 2463 1663 2539 ad

359 2559 598 2653 sepulturam
611 2557 870 2637 deferrentur.
891 2558 942 2633 Et
963 2560 1139 2657 quamvis
1168 2560 1261 2655 Syn.
1282 2561 1481 2638 Wormat.
1501 2586 1564 2637 an.
1583 2565 1661 2638 808

357 2657 512 2740 Gom
530 2662 568 2738 in
597 2664 832 2738 contrariam
857 2659 997 2738 abierit
1019 2664 1276 2753 seutentiam,
1301 2663 1504 2759 pristinum
1527 2679 1660 2744 tamen

357 2762 547 2860 hiispauia
572 2787 721 2864 murem
745 2765 880 2847 maluit
893 2765 1078 2852 retinere.
1101 2763 1158 2866 (i)
1193 2857 1198 2866 ,
1449 2819 1452 2824 -
1583 2807 1586 2812 -
1661 2815 1666 2826 -

375 2857 494 2967 (*(·**)
510 2869 584 2941 tx.
612 2865 757 2944 Verum
779 2867 985 2941 duodecim
1012 2869 1121 2942 annis
1145 2864 1196 2943 ab
1218 2869 1324 2946 edito
1348 2870 1545 2946 Dominici
1569 2872 1661 2951 Soto

357 2968 558 3043 volumine
581 2971 619 3041 1ΙΙ
632 2972 679 3044 irr-
703 2967 775 3043 IV·
798 2970 1079 3045 Sententiarum
1108 2994 1211 3045 auno
1237 2972 1418 3050 videlicet
1452 2994 1580 3075 1557,
1609 3000 1660 3054 ex

359 3073 468 3174 quius
495 3070 691 3148 Distinet.
722 3072 812 3148 XII
832 3072 886 3171 Q.
912 3073 938 3146 I
959 3084 1037 3146 ort.
1073 3096 1115 3148 11
1142 3075 1317 3148 notitiam
1343 3078 1521 3151 hauserat
1538 3079 1664 3176 Jueu··

357 3170 497 3262 ninus,
523 3173 723 3270 Philippus.
746 3176 780 3250 ll
793 3185 895 3254 {mox
917 3174 1061 3249 editam
1078 3175 1135 3248 Pii
1154 3176 1190 3249 V
1210 3176 1532 3258 Constitutiouem
1551 3236 1563 3270 ‚
1581 3205 1664 3280 qua,

357 3275 563 3376 ttatnciturtr:¹
575 3292 662 3354 erat
673 3332 684 3363 ,
695 3278 842 3358 ,urreis
861 3276 1056 3373 sanguinis
1072 3280 1261 3353 sententia
1279 3282 1470 3356 damnatis
1487 3283 1547 3356 SS.
1564 3282 1665 3360 Cor-2

357 3376 466 3469 poris
483 3375 630 3450 Christi
651 3377 847 3477 Viaticum
866 3376 1099 3458 tribueretur
1114 3402 1210 3468 ,sua
1228 3382 1533 3458 confirmandam
1552 3409 1664 3462 sanc·

358 3476 465 3561 tione
490 3479 688 3562 decrevit,
711 3479 774 3553 die
792 3497 846 3579 27.
859 3480 994 3554 Martii
1009 3497 1072 3555 an.
1100 3482 1226 3579 1569,
1248 3487 1330 3582 qussae
1348 3485 1490 3561 inserta
1507 3505 1564 3564 est
1582 3490 1659 3565 Ie-

343 3601 407 3677 ge
432 3579 496 3654 III
510 3579 587 3656 Tit.
614 3580 642 3654 I
662 3581 751 3655 Lt'b.
770 3584 795 3657 I
807 3580 935 3658 Nouae
960 3581 1100 3678 Rerop.
1128 3608 1176 3658 ex
1198 3602 1289 3661 tnnc
1317 3589 1462 3664 nullum
1493 3613 1661 3690 unquam
1730 3669 1733 3674 ,

360 3680 549 3775 Hispania
567 3703 673 3757 reum
692 3683 934 3759 Eucharistia
951 3687 1141 3782 privavit,
1160 3690 1226 3762 sed
1244 3691 1390 3765 eisdem
1406 3694 1529 3787 pridie
1544 3718 1661 3792 quam
1701 3765 1704 3770 .

357 3782 411 3855 ad
432 3799 580 3880 necem¹
591 3785 833 3872 educantur,
855 3787 1186 3879 constitutore
1208 3815 1323 3888 quum
1343 3794 1396 3867 ita
1414 3796 1514 3882 sint,
1538 3798 1665 3873 mira-,

355 3883 391 3967 ri
422 3884 578 3975 subest,
607 3888 711 3986 quod
733 3903 885 3970 exteros
908 3903 949 3961 ut
973 3890 1180 3985 plurimum
1211 3895 1416 3991 scriptores
1441 3918 1574 3972 omnes
1594 3897 1657 4002 (si

351 4006 500 4083 paucos·
516 3985 715 4089 excipias)
738 4006 777 4064 et
794 3990 988 4086 praecipue
1018 3991 1552 4093 Seivagiutn'Neapolitanum
1578 4005 1652 4078 ho·

354 4087 677 4291 mineqtssmores,
704 4093 815 4191 eique
833 4116 910 4170 non
933 4116 1068 4171 recens
1088 4096 1232 4173 invecti
1250 4099 1292 4173 iu'
1306 4101 1492 4199 Hispania
1507 4158 1519 4193 ,
1537 4103 1664 4182 larue.
1684 4097 1688 4128 ¹

353 4205 446 4272 rint.
862 4250 864 4254 1

380 4292 453 4377 ‚x.
533 4316 580 4369 vo
606 4295 859 4394 Apostollco,
882 4298 1090 4399 primisque
1118 4301 1301 4378 Ecclesiae
1331 4308 1477 4384 saeculis
1499 4267 1666 4386 Fideles:

351 4393 417 4480 vel
444 4397 640 4492 quotidie,
671 4401 732 4474 vel
763 4401 903 4496 pluries
928 4424 996 4498 per
1021 4402 1308 4481 hebdomadam
1332 4406 1478 4484 Christi
1495 4410 1649 4508 Corpus

350 4496 599 4597 accipiebant
612 4524 776 4603 tueque
791 4504 923 4590 -..enim'
945 4506 1030 4606 quis
1059 4508 1200 4592 divinis
1236 4511 1433 4611 mysteriis
1464 4512 1650 4592 interesse

393 4636 405 4668 ¹:
551 4643 554 4648 ·
1552 4637 1644 4713 pes·
