4034 5275
390 494 442 590 48
686 486 1012 564 Institutionum
1041 482 1308 566 Canonicnrum

359 591 629 670 tantummodo
647 587 914 711 Episcopatui,
933 590 1241 690 presbyteratui,
1257 608 1296 667 et
1315 588 1581 667 Diaconatui
1556 594 1653 694 ,qui

360 699 502 772 divina
517 694 871 784 suntinstitutionis,
886 718 1048 771 concors
1063 719 1171 793 paene
1186 712 1245 770 est
1257 690 1653 771 Canonista'rumsen-

360 801 494 874 tentia.
511 799 561 872 Et
578 819 696 886 sane,
718 797 772 870 uti
790 797 907 871 Libro
924 815 1057 893 super,
1072 803 1154 893 Jam
1173 799 1265 874 satis
1289 798 1653 893 demonstravimus,

359 901 735 1000 Hypodiacouatus,
763 900 903 998 aliique
927 900 1125 976 inferiores
1152 902 1306 977 ordines
1338 903 1489 974 nonnisi
1477 899 1652 976 Ecctea

356 1007 519 1080 siasticae
545 1003 771 1121 institutioni
790 1001 985 1078 tribuendi·
1005 1019 1119 1094 sunt,
1143 1029 1189 1082 ac
1210 1000 1544 1085 tantummodo'eo
1563 1008 1652 1079 seni

360 1131 430 1198 su,
461 1131 536 1206 quo
565 1106 604 1179 in
637 1106 854 1180 Diaconatu
878 1121 1059 1204 tauquam
1087 1111 1126 1184 iu
1158 1132 1226 1184 suo
1255 1109 1389 1198 sonte,
1419 1122 1459 1182 et
1482 1106 1648 1225 origiue,

357 1212 459 1284 unde
481 1228 663 1308 tanquam
685 1209 825 1283 surculi
848 1226 1099 1300 emanarunt,
1122 1213 1289 1329 quodam
1311 1231 1422 1284 sensu
1440 1208 1648 1285 institutio·

356 1313 417 1385 nis
434 1335 515 1388 esse
537 1312 679 1385 dlvinae
706 1304 859 1386 dixeris.
880 1313 998 1387 Porro
1016 1316 1116 1388 hanc
1135 1314 1383 1413 quaestionem
1404 1309 1565 1385 definire
1583 1334 1651 1387 no·

355 1413 426 1489 luit
443 1415 532 1511 Syn.
550 1415 656 1488 Trid.
673 1437 789 1512 quum
807 1414 915 1490 Sess.
931 1415 1152 1493 44444044.
1169 1439 1211 1491 Vt
1228 1415 1436 1502 definiens,
1452 1415 1492 1484 iu
1510 1412 1648 1492 Eccle-

353 1521 413 1593 sia
430 1516 581 1595 cathol
567 1541 626 1591 tta
645 1541 725 1591 esse
747 1517 995 1593 hierarchiam
1013 1520 1145 1594 divina
1163 1504 1395 1594 ordinatione
1416 1519 1648 1610 institutam,

355 1634 598 1715 quaeconstot
625 1643 673 1695 ex
695 1619 932 1716 Episcopis,
952 1621 1222 1713 Presbyteris,
1252 1633 1292 1695 et
1317 1619 1549 1709 Ministris,
1577 1619 1647 1694 de-

353 1722 434 1802 dita
450 1744 568 1820 opera
586 1719 635 1798 ab
653 1723 881 1818 adponenda
899 1745 995 1800 voce
1013 1723 1198 1799 Diaconis
1214 1719 1471 1810 abstinuerit,
1494 1741 1546 1794 ne
1562 1717 1647 1797 illo·

316 1900 324 1909 ,
350 1845 438 1900 rum
464 1827 777 1943 Theologomm,
799 1840 838 1899 et
857 1824 1156 1902 canonistarum
1179 1823 1422 1900 senteutiam
1414 1816 1645 1943 reprobare

352 1927 573 2021 videretur,
604 1928 668 2025 qui
693 1928 890 2003 inferiores
908 1928 1063 2005 ordines
1081 1929 1104 2004 d
1120 1927 1279 2005 Christo
1303 1925 1509 2003 Domino
1498 1929 1650 2029 4444444444

351 2044 412 2105 tos
432 2031 547 2107 fuisse
576 2044 786 2106 autumant.
1115 2107 1118 2113 ,

402 2133 470 2209 lV.
499 2136 586 2232 Jam
603 2156 695 2209 vero
713 2136 752 2208 iu
770 2134 928 2231 singulis
945 2133 1185 2224 Ordinibus,
1202 2156 1250 2209 ac
1268 2131 1510 2231 potissimum
1520 2129 1569 2205 ·in
1585 2152 1648 2209 stt·

351 2235 568 2332 perioribus
586 2235 713 2331 plures
728 2236 867 2331 gradus
889 2237 1073 2334 distingui
1098 2250 1281 2333 possunt,
1308 2236 1364 2309 uti
1390 2236 1428 2307 in
1454 2234 1649 2310 Diaconu-

352 2352 394 2411 tu
411 2337 686 2411 Archidiaconi
695 2335 996 2435 ,Presbyteratu
1013 2336 1375 2436 Archipresbyteri,
1392 2334 1649 2434 chorepisco'

352 2439 419 2536 pi,
450 2439 613 2514 Parochi
640 2437 719 2513 &c
748 2462 796 2514 ac
830 2441 1014 2531 demum,
1043 2455 1084 2516 et
1105 2442 1301 2560 praecipue
1326 2440 1365 2512 in
1395 2437 1648 2539 Episcopatu,

352 2541 502 2617 scilicet
520 2496 1061 2640 Metropolitani,Primatis,
1085 2536 1648 2652 stveExarch1,Patciarohae,

352 2662 393 2721 et
406 2670 526 2743 supra·
537 2646 701 2744 reliquos
724 2646 886 2723 Romani
904 2648 1118 2737 Pontificis,
1135 2649 1239 2766 qu‘us
1258 2647 1296 2721 in
1312 2644 1647 2737 universa,Eccle·

352 2750 409 2823 sia
430 2749 640 2825 Primatum
657 2771 733 2821 nou
751 2748 935 2837 humani,
957 2764 998 2823 at
1019 2750 1169 2823 divini
1154 2750 1276 2842 Juris,
1294 2770 1369 2821 non
1388 2747 1559 2821 honoris
1552 2751 1645 2823 nio·

354 2851 433 2942 do,
457 2867 496 2926 et
526 2851 752 2971 dignitatis,
776 2847 911 2924 verum
934 2866 973 2924 et
994 2852 1223 2947 potestatis,
1249 2847 1572 2948 auctoritatisque
1584 2850 1646 2926 Lt

351 2948 425 3028 bro
455 2954 642 3050 superiori
672 2951 750 3027 Tit.
775 2951 841 3025 IX
866 2952 960 3027 satis
980 2954 1279 3030 vindicavimus.
1299 2952 1416 3027 Plura
1444 2949 1494 3024 d'e
1526 2951 1643 3029 Sacr'd

351 3055 597 3130 ordinatione
628 3054 766 3130 eodem
791 3056 979 3151 superiori
1012 3056 1130 3130 Libro
1155 3055 1358 3145 dedimus,
1386 3075 1432 3129 ac
1447 3054 1643 3152 precipue

352 3139 433 3232 fit.
457 3156 632 3247 XXIV,
659 3155 726 3252 ubJ
742 3158 791 3232 de
810 3156 1217 3248 moribusqsscientia,
1242 3171 1353 3232 aetate
1368 3155 1645 3254 ‚aliisqueor-=

353 3261 610 3337 diuandorum
630 3261 819 3381 requisitis
834 3258 1141 3350 conditionibus,
1158 3261 1234 3335 de
1224 3216 1459 3343 rnterstitiis,
1477 3259 1526 3331 de
1534 3259 1651 3336 ritu·

352 3364 418 3451 16²,
446 3366 565 3440 aede
594 3366 751 3461 proprio
775 3365 1030 3440 ordinationis
1059 3363 1280 3459 Episcopo,
1310 3365 1358 3437 de
1390 3353 1566 3436 Litteris
1574 3361 1649 3436 Di·

353 3464 657 3556 missorialibus,
682 3490 730 3541 ac
746 3469 917 3540 tandem·
925 3470 974 3540 de
991 3466 1246 3560 Temporibus
1266 3457 1552 3558 ordinationum
1568 3477 1647 3540 u'on

353 3591 476 3664 pauca
500 3569 758 3644 disseruimus.
781 3569 909 3643 lllud
898 3569 1015 3667 igitur
1033 3567 1097 3641 hic
1114 3580 1314 3665 superest,
1337 3583 1379 3643 ut
1401 3587 1485 3667 quae
1498 3566 1552 3639 ad
1568 3565 1647 3644 Or'-

352 3671 512 3763 dinem,
527 3679 641 3768 prout
663 3687 720 3746 est
737 3672 1052 3759 Sacramentum,
1077 3679 1287 3810 spectanti
1290 3673 1324 3739 i·
1333 3693 1388 3763 a,
1390 3684 1459 3816 4444
1473 3664 1643 3746 breuiter

354 3776 634 3878 explicentur.¹

350 3878 453 3954 V.
480 3880 539 3952 Ac
550 3873 731 3976 prrmode
742 3876 913 3953 matema
929 3876 1068 3953 Nullus
1078 3897 1244 3974 unquam
1263 3868 1469 3967 dubitavit,
1483 3885 1646 3949 manuum

353 3984 645 4077 impositionem,
665 3980 687 4054 ἃ
708 3978 855 4056 Graecls
867 4014 1004 4068 44444444
948 4016 1004 4051 44
999 3994 1208 4069 metu
1212 3993 1263 4052 44
1266 4015 1301 4050 444
1332 3977 1505 4067 dictam,
1534 3973 1640 4054 term

352 4083 585 4160 essentialem
604 4105 685 4158 esse
702 4083 937 4157 Sacramenti
954 4081 1114 4157 Ordinis
1132 4082 1360 4169 materiam,
1385 4083 1551 4154 sormam
1576 4101 1644 4156 ve-

352 4208 443 4260 roe
422 4188 591 4281 ejusdem
615 4186 798 4261 comitem
829 4185 1055 4259 orationem.
1078 4184 1179 4257 Illud
1203 4197 1330 4260 autem
1350 4184 1496 4257 addunt
1516 4181 1643 4280 Mori

353 4309 450 4377 nus,
476 4289 614 4387 aliique
638 4311 714 4362 non
736 4289 805 4361 imi
830 4284 998 4361 subsellii
1015 4286 1228 4428 Theologi,
1252 4300 1290 4361 et
1313 4283 1565 4376 Canonistae,
1582 4261 1646 4392 'ni-¹

350 4387 490 4465 mirum
506 4393 543 4464 in
562 4390 642 4466 sola
660 4413 840 4465 manuum
859 4391 1183 4487 impositionem
1164 4432 1199 4466 4
1215 4391 1413 4464 essentrom
1424 4369 1647 4478 Sacramen-

356 4489 386 4567 ti
405 4491 565 4571 Ordinis
583 4515 665 4590 esse
692 4494 963 4571 constitutam·
992 4494 1031 4567 id
1053 4495 1155 4592 quod
1179 4489 1349 4602 pluribus
1366 4491 1644 4568 demonstrant.

554 4648 556 4651 .
1611 4614 1645 4671 4.·
