4034 5275
410 505 487 601 164
726 505 1009 601 Institutionum
1027 494 1293 586 Canonicnto'sn

379 604 592 705 Episcopus
609 611 809 701 hortatur,
835 628 875 685 ut
902 607 1008 715 longi
1034 610 1217 706 temporis
1233 604 1442 686 locationes
1459 604 1565 681 nitro
1580 618 1680 687 tem·-

374 725 447 801 pns
464 709 490 783 d
495 711 585 811 jure
607 710 823 808 permissum
844 716 883 785 in
901 713 1064 786 domnum
1081 712 1286 802 Ecclesiae,
1303 725 1341 785 et
1356 723 1488 783 contro
1505 709 1670 786 Canoni-

379 817 444 884 oas
460 822 667 890 sanctiones
681 815 1019 908 factas....nnllos,
1045 818 1250 912 irritosque
1273 811 1482 887 decernant.
1498 813 1667 910 Tempus

379 930 506 990 autem
523 916 546 990 i
557 921 641 1010 jure
673 919 898 1014 permissum
925 918 1129 992 triennium
1155 919 1342 992 'duntaxat
1373 915 1668 1013 intelligendum

378 1031 461 1107 est,
492 1019 546 1092 uti
576 1022 747 1095 decrevit
758 1021 891 1094 PiusV
905 1019 1070 1094 Constit.
1093 1019 1186 1092 Etsi
1216 1018 1260 1092 de
1292 1019 1452 1114 singulis
1474 1019 1668 1117 au.1569.

376 1115 502 1215 Reges
535 1121 651 1196 etiarn
687 1123 806 1196 nostri
822 1122 1003 1196 Ecclesiae
1030 1124 1198 1198 tutandae
1214 1119 1463 1196 addictissimi
1480 1143 1551 1217 pro
1568 1125 1668 1214 ejus·

378 1218 465 1293 dem
485 1221 666 1298 Ecclesiae
690 1225 801 1298 rebus
824 1225 1095 1299 conservandis
1125 1224 1221 1297 nibil
1247 1245 1323 1297 uon
1348 1242 1474 1320 egere.
1491 1223 1678 1301 Wamba

380 1323 472 1416 teg.
495 1325 542 1398 V
546 1324 572 1396 I
598 1325 771 1400 Tit.lV
796 1325 883 1399 Lib.
906 1326 933 1398 I
936 1325 985 1399 V
1016 1327 1109 1401 Fosi
1147 1323 1280 1420 Jndic.
1305 1325 1403 1399 Can.
1433 1345 1458 1398 v
1501 1321 1669 1401 Concilii

378 1421 557 1499 Toletani
573 1428 625 1500 XI
658 1430 915 1519 confirmans,
945 1437 988 1503 et'
1003 1431 1095 1526 Leg.
1113 1427 1139 1500 I
1141 1429 1165 1500 I
1172 1427 1198 1499 I
1227 1426 1306 1501 Tit.
1321 1427 1348 1498 I
1376 1423 1464 1499 Lib.
1477 1423 1525 1497 V
1529 1435 1533 1441 '
1552 1429 1668 1527 ejusd.

377 1521 596 1620 Alphonsus
626 1530 783 1626 Sapiens
813 1531 951 1628 Leg.l
977 1529 1055 1606 Tit.
1071 1529 1195 1604 XIV
1219 1526 1427 1618 Portitl,
1460 1544 1499 1600 et
1524 1531 1665 1604 ilenri-

376 1647 441 1698 cus
467 1631 499 1729 ll
541 1632 635 1727 Leg'.
655 1633 702 1703 V
705 1632 731 1703 I
763 1631 843 1706 Tit.
857 1634 915 1708 II
951 1633 1086 1708 Ltus
1117 1632 1241 1708 Novae
1271 1631 1408 1725 Reoop.
1444 1631 1671 1725 decernens,

374 1747 616 1829 quascunque
657 1734 841 1808 alienatas
864 1735 1048 1809 Ecclesiae
1082 1758 1168 1825 res,
1203 1734 1383 1808 Ecclesiae
1416 1732 1674 1810 restituendas*

373 1849 483 1920 esse,
516 1831 566 1906 ab
598 1857 718 1932 eaque
741 1836 772 1908 si
796 1839 833 1910 in
852 1840 929 1929 ejus
946 1838 1151 1911 utilitatem
1171 1838 1341 1910 vendino
1359 1833 1581 1928 obvenerit,
1597 1852 1666 1913 tra·

372 1931 540 2008 dendum
560 1957 641 2010 esse
659 1939 823 2032 pretium
841 1941 999 2030 emtori3
1018 1962 1092 2012 non
1111 1939 1133 2013 e
1151 1935 1371 2038 converso(
1397 1933 1411 2037 )
1448 1960 1455 1965 ⁷·

375 2056 383 2067 ·
426 2036 876 2134 interposuimus
911 2044 1031 2134 justas
1061 2064 1121 2116 res
1144 2040 1324 2116 Ecclesiae
1352 2041 1666 2116 alienandicau·

373 2153 434 2210 sas
462 2157 673 2237 agnoscunt
698 2140 943 2234 canonista,
973 2145 1152 2218 nimirum
1178 2143 1483 2228 Necessitatem,
1512 2143 1666 2220 Utilita-

373 2249 482 2328 tem,
513 2259 551 2315 et
574 2243 784 2334 Pietatem,
819 2241 901 2346 (**)
916 2268 1054 2344 easque
1082 2244 1270 2319 recensuit
1292 2245 1509 2336 Alphonsus
1535 2245 1671 2340 Leg.1

369 2337 466 2414 ibid.
477 2339 534 2444 (*)
561 2345 647 2434 Qua
677 2347 790 2421 dere
819 2347 857 2420 in
877 2346 1098 2433 Clement.l
1133 2345 1177 2418 de
1201 2343 1326 2419 Rebus
1351 2344 1535 2419 Ecclesiae
1566 2350 1666 2423 alie-

369 2442 529 2535 nandis,
553 2447 614 2521 vel
628 2471 695 2518 non
713 2465 797 2545 post
815 2448 1060 2525 constitutam
1077 2444 1282 2523 alienandi
1310 2467 1370 2519 res
1391 2444 1573 2518 Ecclesiae
1603 2449 1669 2521 in-

371 2547 639 2623 te'rdictionem
657 2549 858 2625 subditur:
884 2551 980 2624 Nisi
998 2553 1230 2641 necessitas,
1252 2562 1318 2621 ont
1337 2548 1489 2622 utilitas
1505 2547 1665 2624 Monos-

369 2652 491 2739 terii,
515 2650 743 2744 Priocntns,
765 2655 972 2743 Ecclesiae,
1003 2669 1071 2728 not
1100 2654 1440 2727 administrationis
1459 2650 1665 2750 hujusmodi

370 2750 437 2822 tor
455 2771 649 2847 exposcat:
667 2774 705 2830 et
721 2757 950 2853 justinianus
966 2758 1003 2827 in
1021 2756 1172 2830 Nouell.
1188 2754 1314 2831 CXX
1327 2772 1409 2846 cop.
1429 2775 1497 2841 10,
1520 2752 1585 2826 ubi
1602 2777 1664 2847 sa-

349 2842 436 2926 'cra
455 2876 543 2930 vasa
562 2858 701 2949 vendi,
725 2876 790 2931 aut
807 2857 958 2954 pignori
976 2857 1140 2953 supponi
1159 2870 1288 2943 vetat,
1310 2856 1437 2928 statim
1458 2853 1665 2950 subnectit,

364 2956 443 3029 nisi
471 2977 541 3052 pro
568 2960 786 3036 redemtione
797 3027 806 3043 „
819 2964 1074 3053 captiuorum:
1104 2974 1142 3032 et
1176 2962 1267 3057 Leg.
1288 2958 1374 3031 XXI
1398 2956 1497 3031 Cod.
1521 2959 1660 3053 Justin.

366 3051 419 3130 'tle
434 3058 580 3135 Sacros.
601 3061 749 3134 Eccles.
771 3059 946 3155 Excepta
965 3084 1079 3138 causo
1100 3062 1381 3160 captivitatis,
1410 3074 1454 3134 eo
1467 3058 1594 3153 famis
1618 3064 1659 3137 in

262 3198 264 3202 ·
367 3160 493 3251 iocis,
515 3161 730 3257 quibosboc
747 3163 970 3259 contigerit.
1041 3201 1044 3206 -
1115 3189 1156 3196 ··
1200 3205 1245 3258 χ

362 3287 368 3304 ’
390 3299 394 3305 ·
419 3265 464 3337 Χ.
493 3265 579 3363 Jam
605 3287 699 3339 vero
715 3264 976 3355 Necessitas,
998 3265 1069 3341 'vel
1091 3265 1259 3339 Utilitas
1288 3263 1447 3338 evidens
1469 3262 1519 3336 sit
1541 3287 1664 3361 opor·

363 3369 449 3439 'tete
475 3365 521 3442 E.
536 3392 572 3465 g.
590 3367 621 3440 si
651 3361 800 3441 fructus·
815 3370 889 3442 non
919 3369 1110 3461 sufficiant
1126 3367 1346 3464 necessariis
1361 3365 1663 3443 Ecclesiaesuns·

361 3464 497 3554 tibus,
525 3488 588 3542 ant
603 3467 842 3543 Clericorum
866 3472 1156 3561 sustentationi,
1180 3487 1244 3543 aut
1264 3468 1482 3543 debitorum
1506 3469 1662 3547 solutio·

360 3568 430 3668 ui,
456 3569 518 3641 vel
545 3570 578 3641 si
606 3591 723 3666 grave
755 3570 1147 3648 immineatEcclesiie
1177 3573 1389 3660 damnum,
1418 3572 1449 3644 si
1467 3573 1566 3645 aedes
1581 3573 1660 3646 rui-

358 3663 470 3768 {nusae
503 3672 640 3745 dentur
672 3672 709 3745 in
735 3674 1035 3769 emphiteusim,
1066 3674 1128 3764 vel
1154 3674 1346 3748 'silvestria
1367 3676 1472 3762 loca,
1489 3691 1553 3747 aut
1572 3698 1664 3771 prte-

360 3772 590 3856 'siiainculta
606 3776 753 3849 colonis
768 3777 967 3851 tradantur
982 3778 1209 3851 excolenda:
1236 3776 1390 3852 Nooeii.
1402 3776 1448 3851 V
1452 3776 1478 3847 I
1483 3778 1605 3872 Inep.
1621 3801 1660 3878 3,

359 3890 406 3949 ”et
422 3871 577 3950 Nouell.
592 3876 720 3951 CXX
730 3877 879 3975 cap.6,
911 3893 992 3953 tum
1016 3881 1047 3953 si
1068 3880 1212 3975 praedia
1234 3879 1446 3974 propinqua
1465 3901 1554 3952 cum
1576 3881 1658 3954 lon-

368 4000 417 4075 ge
462 3980 603 4054 dissitis
643 3998 953 4055 commutentur:
978 3978 1309 4058 comnenus.
1343 4002 1388 4052 ra
1430 3980 1657 4078 Quantis,

364 4095 429 4153 aut
451 4083 605 4156 demum
631 4084 661 4155 si
689 4085 946 4158 distrabantur
964 4083 1177 4179 praediola,
1203 4100 1268 4157 aut
1285 4082 1404 4157 exiles
1420 4086 1600 4173 vineolas,
1616 4101 1657 4161 et

355 4181 547 4270 'Ecclesiae
568 4187 689 4261 minus
713 4187 852 4276 utiles,
885 4203 949 4259 aut
974 4188 1089 4283 louge
1117 4186 1275 4283 positae:
1298 4185 1392 4261 ibid.
1409 4181 1491 4287 (**)
1505 4188 1548 4259 ln
1565 4190 1655 4262 liis-

362 4288 562 4381 paniarum
581 4288 753 4364 Ecclesia
785 4305 1062 4363 consueverunt
1081 4288 1262 4384 Episcopi
1279 4289 1441 4363 Cleric'is
1467 4305 1655 4368 sustenta-

361 4391 419 4462 dae
451 4394 538 4466 vitae
566 4415 708 4480 causa,
741 4392 803 4465 vel
833 4389 1138 4467 benefactoribus
1169 4391 1276 4465 laicis
1300 4391 1445 4489 agellos
1472 4392 1541 4467 sub
1568 4412 1655 4486 pre·

356 4489 474 4565 'corin
513 4500 647 4571 nomine
691 4495 844 4569 tradere
874 4493 1127 4574 excolendoss
1160 4494 1254 4594 Syn.
1285 4495 1409 4587 Tolet.
1426 4491 1480 4571 vt
1501 4494 1647 4587 Cam,

350 4611 390 4668 et
412 4597 604 4673 Toleth
634 4593 871 4700 Can.1tr.(*)
1557 4595 1647 4675 Pie·
