4034 5275
730 491 848 573 Liber
860 488 938 577 ,IL
953 488 1116 571 'Titulus
1140 487 1274 575 m*-
1522 518 1605 598 '155

340 597 695 700 gia„lirudationis,
718 615 783 682 aut
802 599 1007 676 dotationis
1036 614 1121 674 sunt
1137 652 1150 691 ,
1164 646 1168 654 -
1182 599 1250 674 vel
1264 597 1303 674 iu
1326 599 1410 697 ipso
1433 599 1628 701 fundatioe
1662 678 1665 685 ,

334 703 393 787 uis
414 702 548 801 limine
577 701 646 777 sub
676 701 741 778 illa
772 718 927 798 recepta
955 701 1109 775 fuerint.
1140 701 1239 790 Tum
1256 723 1278 775 2
1296 702 1451 778 alterius
1474 707 1625 803 generis

336 799 425 879 loca
449 805 515 903 pia
537 802 586 880 ab
600 804 795 901 Episcopo
818 827 922 903 aeque
940 804 979 878 in
997 802 1284 897 spiritualibus,
1311 827 1358 879 ac
1381 806 1419 880 in
1441 822 1626 904 tempora

336 902 438 980 libus
468 928 621 1002 prorsus
654 907 854 982 invisenda
888 904 1180 980 constituuntur.
1210 907 1376 981 Demum
1407 930 1460 1006 3,
1487 933 1569 1007 quae
1601 911 1625 984 a

336 1005 446 1090 laicis
470 1009 659 1092 ¹duntaxat
690 1009 1033 1098 administrantur,
1058 1007 1163 1083 eain
1186 1005 1443 1104 spiritualibus
1466 1026 1624 1103 tantum,

336 1110 456 1197 modo
491 1108 542 1185 ab
564 1108 757 1206 Episcopo
784 1110 930 1185 visitari
966 1125 1078 1204 posse'
1104 1111 1306 1202 statuitur;
1340 1111 1392 1185 ita
1409 1110 1550 1188 'tamen
1581 1129 1623 1189 ut

337 1210 471 1287 ebrum
498 1213 825 1289 administratores
856 1213 895 1285 in
926 1212 1093 1308 singulos
1124 1234 1245 1286 annos
1274 1234 1348 1286 suae
1376 1214 1623 1303 administra·⁴

336 1313 453 1399 tionis
480 1310 646 1412 debeant
676 1315 863 1390 rationem
883 1315 1074 1404 reddere,
1096 1314 1236 1386 nedum'
1262 1314 1452 1410 deputatis
1486 1339 1627 1392 eorun-

336 1416 426 1501 dem
459 1416 631 1491 locorum
660 1417 839 1512 piorum,
868 1438 1001 1507 verum
1031 1429 1069 1487 et
1094 1437 1263 1510 personae
1283 1415 1553 1509 abUOrdinario
1574 1419 1626 1495 ad

335 1515 377 1591 id
407 1519 627 1617 designate.
659 1517 840 1594 Ceterum
863 1520 911 1592 de
927 1517 1015 1614 Jure
1033 1516 1311 1612 Episcoporum
1339 1517 1376 1589 in
1396 1520 1624 1615 Hospitalia,

333 1619 490 1718 aliaque.
513 1623 601 1701 ¹loca
633 1621 696 1717 pia
726 1621 864 1696 videsis
881 1622 1153 1714 lldephonsum
1169 1616 1412 1694 Clementem
1443 1622 1493 1695 de
1509 1620 1625 1697 Aros-

336 1716 441 1819 tegui
454 1723 513 1808 „iu
529 1720 695 1798 Concor.
713 1722 857 1797 Pastor.
873 1720 983 1794 Part.
1003 1720 1022 1793 l
1028 1722 1054 1794 I
1073 1740 1156 1814 cap.
1173 1743 1210 1795 2.
1618 1804 1625 1813 ¹

386 1826 489 1900 Xlll.
518 1827 577 1900 De
592 1825 847 1920 Hospitalium
865 1820 1057 1897 Praefectis
1076 1824 1183 1916 juvat
1215 1821 1279 1897 hic
1311 1846 1430 1919 pauca
1460 1823 1627 1917 subuec-¹

336 1937 431 2001 tere.
452 1927 669 2025 Antiquitus
692 1927 845 2024 quidem
861 1924 1072 2011 Diaconis,
1104 1924 1165 1997 vel
1183 1921 1430 2000 subdiaconis
1456 1929 1627 2022 plerum-

334 2048 408 2124 que
424 2030 679 2127 Hospitalium
704 2050 835 2103 curam
851 2028 962 2100 fuisse
982 2024 1268 2115 concreditam,
1289 2042 1368 2099 tum
1387 2050 1497 2103 exeo
1515 2032 1624 2104 evin·

337 2129 466 2221 citur,
498 2124 601 2229 quod
634 2129 723 2204 inde
753 2143 924 2203 mutuato
947 2127 1102 2200 ¹nomine
1134 2149 1402 2224 nonnunquam
1426 2129 1626 2204 Diaconiae

335 2230 439 2307 dicta
466 2248 579 2322 sunt,
611 2247 691 2307 tum
718 2252 866 2330 quoque
895 2253 940 2304 ex
956 2229 992 2304 S.
1007 2224 1198 2326 Gregorio
1214 2229 1271 2300 Μ.
1291 2231 1356 2328 qui
1376 2231 1477 2315 haud
1502 2231 1625 2311 semel

307 2365 309 2369 v
336 2329 374 2417 in
407 2336 482 2411 suis
503 2335 684 2430 Epistolis
708 2335 996 2418 Diaconorum,
1031 2331 1094 2404 vel
1126 2329 1450 2406 Subdiaconorum
1484 2331 1661 2430 Diacog'

333 2435 435 2525 niis,
469 2437 549 2509 sive
568 2432 1152 2521 xenodochiisministrantium
1182 2433 1370 2509 meminit.
1399 2434 1627 2532 Quinimmo
1733 2447 1737 2455 '

332 2534 373 2609 in
409 2537 598 2632 plerisque
614 2536 834 2624 Diaconiis,
866 2535 947 2608 sive
960 2535 1223 2616 xenodochiis
1245 2551 1382 2630 praeter
1405 2537 1626 2632 Diaconum

332 2639 618 2737 regionarium,
652 2639 688 2711 ei
708 2637 902 2711 Diacouiae
920 2633 1105 2730 primario
1123 2633 1317 2728 adfixum,
1347 2637 1460 2710 fuisse
1475 2656 1513 2714 et
1531 2638 1627 2726 Sub-1

334 2740 537 2826 diaconum
570 2741 662 2813 item
692 2736 954 2836 Regionarium
983 2750 1272 2832 nuncupatum,
1303 2737 1364 2813 cui
1394 2740 1631 2835 dispensato·

336 2842 389 2926 ris
417 2838 505 2943 (qui
534 2864 658 2940 graece
682 2858 855 2930 orarum,
885 2854 925 2915 at
953 2840 991 2912 in
1023 2837 1276 2914 marmoribus
1298 2842 1478 2913 Romanis
1508 2846 1627 2936 modo¹

336 2943 486 3018 villicus
504 2999 516 3033 ,
540 2946 657 3018 modo
675 2944 914 3039 dispeusator
930 2935 1111 3039 vocatur)
1133 2962 1267 3015 munus
1285 2938 1548 3019 incumbebat:
1566 2949 1627 3022 ad·

336 3046 419 3128 lraec
438 3061 478 3121 et
494 3047 704 3141 Acolytos,
731 3061 913 3142 tanquam
940 3042 1092 3116 infimos
1118 3043 1310 3118 ministros
1331 3044 1506 3122 Diacono
1534 3045 1626 3123 sub-

329 3148 452 3237 jectos
481 3151 718 3232 demonstrat
732 3146 912 3222 Mazoch.
926 3146 969 3219 de
986 3142 1168 3219 Cathedr.
1183 3144 1307 3241 Neup.
1319 3165 1409 3246 pag.
1429 3168 1518 3246 253.
1538 3151 1628 3240 l’lu·=

336 3270 398 3322 res
423 3249 589 3346 Neapoli
621 3253 701 3344 jam
733 3250 822 3324 inde
854 3245 913 3330 ab,
931 3268 972 3319 vr
1005 3245 1143 3317 saeculo
1181 3249 1367 3338 ejusmodi
1394 3250 1506 3322 fuisse
1531 3253 1629 3342 Diae.

336 3351 469 3436 corias
483 3406 494 3438 ,
508 3354 603 3434 suive
616 3350 833 3446 Hospitales
849 3351 996 3436 Domus
1014 3399 1028 3434 ,
1056 3345 1146 3418 dein
1163 3349 1300 3420 saeculo
1318 3371 1357 3419 rx
1374 3348 1628 3445 celeberrima

336 3453 598 3528 Athanasiaoo
612 3452 864 3527 Xenodocbio
894 3450 1089 3537 adnexas,
1115 3448 1281 3523 ostendit
1294 3449 1519 3526 Mazochius
1534 3453 1627 3547 ibid.

339 3570 381 3628 et
399 3576 487 3650 pag.
504 3545 608 3654 377,
637 3557 676 3631 id
702 3556 808 3653 ¹quod
835 3569 918 3628 tum
947 3574 993 3625 ex
1011 3550 1048 3623 S.
1064 3546 1255 3648 Gregorio
1272 3552 1327 3624 M.
1355 3553 1483 3651 colligi
1516 3579 1628 3651 posse

339 3658 517 3745 videtur,
549 3660 612 3755 qui
643 3659 745 3730 haud
766 3656 884 3742 semel
901 3655 940 3727 iu
958 3653 1032 3727 suis
1049 3650 1229 3747 Epistolis
1244 3653 1448 3727 Diaconias
1464 3656 1629 3753 Neapoli

339 3759 564 3832 constitutas
597 3773 811 3844 memorat,
841 3778 933 3851 quas
963 3770 1113 3829 constat
1143 3753 1236 3827 olim
1264 3756 1367 3827 aliud
1396 3777 1471 3830 non
1503 3760 1627 3851 luisse,

341 3882 457 3959 quam
491 3859 709 3956 Hospitales
738 3859 912 3947 Domus,
938 3870 1018 3930 tum
1054 3857 1115 3950 uel
1148 3856 1312 3930 maxime
1345 3878 1392 3930 ex
1420 3860 1631 3956 Hospitalis,

343 3963 596 4048 Athanasiani
613 3957 831 4047 inventario
847 3956 940 4043 ibid.
956 3959 979 4031 al
994 3955 1055 4031 Cl.
1072 3957 1277 4032 Mazochio
1294 3957 1494 4035 illustrato.

404 4066 506 4139 XlV.
534 4059 651 4138 Porro
671 4067 853 4148 hactenus
877 4060 980 4147 dicta
1002 4060 1103 4132 haud
1126 4060 1177 4135 ita
1201 4061 1394 4154 accipias,
1421 4065 1527 4160 quasi
1543 4088 1628 4160 non
1684 4073 1687 4080 ‘

343 4168 417 4242 nisi
436 4167 619 4242 Diaconis
632 4165 888 4261 Hospitalium
906 4162 1078 4260 regimen
1099 4162 1303 4258 antiquitus
1320 4162 1429 4238 suerit
1448 4169 1631 4242 commis·

343 4292 441 4370 pum.
463 4270 640 4366 Namque
657 4284 696 4342 et
712 4266 941 4364 justinianus
954 4264 1235 4350 Xenodochos,
1266 4265 1504 4342 Nosocomos
1523 4324 1535 4358 ,
1555 4268 1629 4345 Or·

347 4367 843 4468 phanotropbos'memorat
858 4389 987 4465 ,quoq
994 4366 1186 4458 Diaconos
1205 4366 1316 4440 luisse
1338 4390 1412 4439 non
1432 4369 1630 4467 probatum

348 4471 620 4658 etTGregorius
660 4475 740 4571 ipse
764 4467 1108 4568 Lib·1.11Er·„24
1125 4490 1203 4642 ⁸sqq
1219 4467 1474 4566 xenodochiis
1507 4477 1633 4570 pras„

353 4599 376 4658 ι,
425 4573 570 4653 om.H.
748 4583 751 4591 '
1071 4643 1074 4648 .
1521 4577 1629 4651 cien-
