<?xml version="1.0" encoding="UTF-8"?>
<!DOCTYPE html PUBLIC "-//W3C//DTD XHTML 1.0 Transitional//EN"
    "http://www.w3.org/TR/xhtml1/DTD/xhtml1-transitional.dtd">
<html xmlns="http://www.w3.org/1999/xhtml" xml:lang="en" lang="en">
 <head>
  <title>
</title>
<meta http-equiv="Content-Type" content="text/html;charset=utf-8" />
  <meta name='ocr-system' content='tesseract 3.04.00' />
  <meta name='ocr-capabilities' content='ocr_page ocr_carea ocr_par ocr_line ocrx_word'/>
</head>
<body>
  <div class='ocr_page' id='page_1' title='image "./institutionumca00selvgoog_0169.png"; bbox 0 0 4034 5275; ppageno 0'>
   <div class='ocr_carea' id='block_1_1' title="bbox 264 470 1750 3434">
    <p class='ocr_par' dir='ltr' id='par_1_1' title="bbox 264 470 1750 3434">
     <span class='ocr_line' id='line_1_1' title="bbox 724 470 1626 587; baseline 0.006 -38"><span class='ocrx_word' id='word_1_1' title='bbox 724 544 727 549; x_wconf 90' lang='lat'>.</span> <span class='ocrx_word' id='word_1_2' title='bbox 781 470 899 554; x_wconf 83' lang='lat' dir='ltr'><strong>Liber</strong></span> <span class='ocrx_word' id='word_1_3' title='bbox 916 471 979 550; x_wconf 80' lang='lat'><strong>11.</strong></span> <span class='ocrx_word' id='word_1_4' title='bbox 996 471 1148 551; x_wconf 79' lang='lat' dir='ltr'><em>Titulus</em></span> <span class='ocrx_word' id='word_1_5' title='bbox 1166 472 1268 554; x_wconf 61' lang='lat' dir='ltr'><strong>XV,</strong></span> <span class='ocrx_word' id='word_1_6' title='bbox 1554 492 1626 587; x_wconf 73' lang='lat'><strong>157</strong></span> 
     </span>
     <span class='ocr_line' id='line_1_2' title="bbox 361 576 1650 680; baseline 0.001 -17"><span class='ocrx_word' id='word_1_7' title='bbox 361 595 487 663; x_wconf 87' lang='lat' dir='ltr'><strong>torum</strong></span> <span class='ocrx_word' id='word_1_8' title='bbox 518 582 673 661; x_wconf 88' lang='lat' dir='ltr'><strong>nomine</strong></span> <span class='ocrx_word' id='word_1_9' title='bbox 701 576 931 668; x_wconf 82' lang='lat' dir='ltr'><strong>abutentes,</strong></span> <span class='ocrx_word' id='word_1_10' title='bbox 963 578 1228 654; x_wconf 85' lang='lat' dir='ltr'>machinandis</span> <span class='ocrx_word' id='word_1_11' title='bbox 1256 582 1381 678; x_wconf 84' lang='lat' dir='ltr'><strong>potius</strong></span> <span class='ocrx_word' id='word_1_12' title='bbox 1414 582 1650 680; x_wconf 77' lang='lat' dir='ltr'><strong>criminibus,</strong></span> 
     </span>
     <span class='ocr_line' id='line_1_3' title="bbox 357 678 1650 789; baseline 0.001 -24"><span class='ocrx_word' id='word_1_13' title='bbox 357 712 472 789; x_wconf 91' lang='lat' dir='ltr'><strong>quam</strong></span> <span class='ocrx_word' id='word_1_14' title='bbox 506 688 679 761; x_wconf 87' lang='lat' dir='ltr'><strong>colendis</strong></span> <span class='ocrx_word' id='word_1_15' title='bbox 696 686 920 775; x_wconf 88' lang='lat' dir='ltr'><strong>Sanctorum</strong></span> <span class='ocrx_word' id='word_1_16' title='bbox 939 681 1043 756; x_wconf 85' lang='lat' dir='ltr'><strong>festis</strong></span> <span class='ocrx_word' id='word_1_17' title='bbox 1062 678 1160 755; x_wconf 88' lang='lat' dir='ltr'><strong>inte&#39;r</strong></span> <span class='ocrx_word' id='word_1_18' title='bbox 1179 704 1218 756; x_wconf 88' lang='lat' dir='ltr'><strong>se</strong></span> <span class='ocrx_word' id='word_1_19' title='bbox 1236 685 1533 763; x_wconf 90' lang='lat' dir='ltr'><strong>conveniebant.</strong></span> <span class='ocrx_word' id='word_1_20' title='bbox 1550 692 1650 782; x_wconf 80' lang='lat' dir='ltr'><strong>Quo</strong></span> 
     </span>
     <span class='ocr_line' id='line_1_4' title="bbox 351 782 1645 888; baseline -0.009 -23"><span class='ocrx_word' id='word_1_21' title='bbox 351 790 462 865; x_wconf 90' lang='lat' dir='ltr'><strong>circa</strong></span> <span class='ocrx_word' id='word_1_22' title='bbox 480 790 668 863; x_wconf 91' lang='lat' dir='ltr'><strong>Henricus</strong></span> <span class='ocrx_word' id='word_1_23' title='bbox 683 787 748 861; x_wconf 84' lang='lat' dir='ltr'><strong>tv·</strong></span> <span class='ocrx_word' id='word_1_24' title='bbox 768 807 828 861; x_wconf 91' lang='lat' dir='ltr'><strong>an.</strong></span> <span class='ocrx_word' id='word_1_25' title='bbox 847 797 947 884; x_wconf 82' lang='lat'>&#39;1473</span> <span class='ocrx_word' id='word_1_26' title='bbox 966 837 978 871; x_wconf 93' lang='lat'><strong>,</strong></span> <span class='ocrx_word' id='word_1_27' title='bbox 1011 797 1049 858; x_wconf 87' lang='lat' dir='ltr'><strong>et</strong></span> <span class='ocrx_word' id='word_1_28' title='bbox 1080 782 1242 858; x_wconf 89' lang='lat' dir='ltr'><strong>Carolus</strong></span> <span class='ocrx_word' id='word_1_29' title='bbox 1261 784 1297 859; x_wconf 91' lang='lat' dir='ltr'>V</span> <span class='ocrx_word' id='word_1_30' title='bbox 1328 810 1388 861; x_wconf 89' lang='lat' dir='ltr'><strong>an.</strong></span> <span class='ocrx_word' id='word_1_31' title='bbox 1410 809 1510 888; x_wconf 81' lang='lat'>1534</span> <span class='ocrx_word' id='word_1_32' title='bbox 1537 790 1645 868; x_wconf 78' lang='lat' dir='ltr'><strong>Con.</strong></span> 
     </span>
     <span class='ocr_line' id='line_1_5' title="bbox 352 885 1642 987; baseline 0.002 -20"><span class='ocrx_word' id='word_1_33' title='bbox 352 891 614 967; x_wconf 79' lang='lat' dir='ltr'><strong>fraternitates</strong></span> <span class='ocrx_word' id='word_1_34' title='bbox 642 910 803 977; x_wconf 92' lang='lat' dir='ltr'><strong>omnes,</strong></span> <span class='ocrx_word' id='word_1_35' title='bbox 841 887 914 960; x_wconf 92' lang='lat' dir='ltr'><strong>nisi</strong></span> <span class='ocrx_word' id='word_1_36' title='bbox 946 908 1029 984; x_wconf 85' lang='lat' dir='ltr'><strong>quae</strong></span> <span class='ocrx_word' id='word_1_37' title='bbox 1061 885 1133 980; x_wconf 89' lang='lat' dir='ltr'><strong>piis</strong></span> <span class='ocrx_word' id='word_1_38' title='bbox 1168 891 1416 987; x_wconf 80' lang='lat' dir='ltr'><strong>exsequendis</strong></span> <span class='ocrx_word' id='word_1_39' title='bbox 1448 895 1642 970; x_wconf 87' lang='lat' dir='ltr'><strong>exercitiis</strong></span> 
     </span>
     <span class='ocr_line' id='line_1_6' title="bbox 354 986 1645 1089; baseline 0.002 -21"><span class='ocrx_word' id='word_1_40' title='bbox 354 1010 494 1069; x_wconf 81' lang='lat' dir='ltr'><strong>erecta</strong></span> <span class='ocrx_word' id='word_1_41' title='bbox 512 993 659 1083; x_wconf 85' lang='lat' dir='ltr'><strong>fuerant</strong></span> <span class='ocrx_word' id='word_1_42' title='bbox 671 997 689 1080; x_wconf 94' lang='lat'><strong>,&#39;</strong></span> <span class='ocrx_word' id='word_1_43' title='bbox 708 1014 754 1065; x_wconf 90' lang='lat' dir='ltr'><strong>ac</strong></span> <span class='ocrx_word' id='word_1_44' title='bbox 776 990 1017 1086; x_wconf 82' lang='lat' dir='ltr'><strong>praecedente</strong></span> <span class='ocrx_word' id='word_1_45' title='bbox 1029 986 1255 1079; x_wconf 82' lang='lat' dir='ltr'><strong>Ordinarii,</strong></span> <span class='ocrx_word' id='word_1_46' title='bbox 1281 1007 1320 1065; x_wconf 93' lang='lat' dir='ltr'><strong>et</strong></span> <span class='ocrx_word' id='word_1_47' title='bbox 1336 991 1452 1089; x_wconf 87' lang='lat' dir='ltr'><strong>Regis</strong></span> <span class='ocrx_word' id='word_1_48' title='bbox 1466 995 1645 1088; x_wconf 85' lang='lat' dir='ltr'><strong>licentia,</strong></span> 
     </span>
     <span class='ocr_line' id='line_1_7' title="bbox 351 1087 1650 1193; baseline 0.003 -26"><span class='ocrx_word' id='word_1_49' title='bbox 351 1087 631 1192; x_wconf 85' lang='lat' dir='ltr'><strong>extinguendas</strong></span> <span class='ocrx_word' id='word_1_50' title='bbox 658 1093 815 1167; x_wconf 91' lang='lat' dir='ltr'><strong>omnino</strong></span> <span class='ocrx_word' id='word_1_51' title='bbox 845 1113 954 1178; x_wconf 89' lang='lat' dir='ltr'><strong>esse,</strong></span> <span class='ocrx_word' id='word_1_52' title='bbox 983 1111 1107 1185; x_wconf 92' lang='lat' dir='ltr'><strong>neque</strong></span> <span class='ocrx_word' id='word_1_53' title='bbox 1126 1089 1237 1163; x_wconf 89' lang='lat' dir='ltr'><strong>aliter</strong></span> <span class='ocrx_word' id='word_1_54' title='bbox 1259 1093 1308 1166; x_wconf 91' lang='lat' dir='ltr'><strong>de</strong></span> <span class='ocrx_word' id='word_1_55' title='bbox 1332 1115 1433 1170; x_wconf 89' lang='lat' dir='ltr'><strong>novo</strong></span> <span class='ocrx_word' id='word_1_56' title='bbox 1449 1097 1650 1193; x_wconf 79' lang='lat' dir='ltr'><strong>erigendas</strong></span> 
     </span>
     <span class='ocr_line' id='line_1_8' title="bbox 352 1189 1644 1295; baseline 0.001 -24"><span class='ocrx_word' id='word_1_57' title='bbox 352 1198 581 1271; x_wconf 89' lang='lat' dir='ltr'><strong>decrevere:</strong></span> <span class='ocrx_word' id='word_1_58' title='bbox 609 1198 703 1290; x_wconf 85' lang='lat' dir='ltr'><strong>Leg.</strong></span> <span class='ocrx_word' id='word_1_59' title='bbox 720 1193 746 1266; x_wconf 93' lang='lat' dir='ltr'><em>I</em></span> <span class='ocrx_word' id='word_1_60' title='bbox 749 1193 775 1265; x_wconf 92' lang='lat' dir='ltr'><em>I</em></span> <span class='ocrx_word' id='word_1_61' title='bbox 780 1193 805 1266; x_wconf 92' lang='lat' dir='ltr'><strong>l</strong></span> <span class='ocrx_word' id='word_1_62' title='bbox 835 1191 914 1268; x_wconf 86' lang='lat' dir='ltr'><strong>Tit.</strong></span> <span class='ocrx_word' id='word_1_63' title='bbox 929 1189 1054 1264; x_wconf 85' lang='lat' dir='ltr'><strong>XIV</strong></span> <span class='ocrx_word' id='word_1_64' title='bbox 1079 1190 1169 1266; x_wconf 88' lang='lat' dir='ltr'><strong>Lib.</strong></span> <span class='ocrx_word' id='word_1_65' title='bbox 1187 1189 1265 1265; x_wconf 91' lang='lat' dir='ltr'><strong>VI</strong></span> <span class='ocrx_word' id='word_1_66' title='bbox 1271 1192 1297 1264; x_wconf 92' lang='lat' dir='ltr'><em>I</em></span> <span class='ocrx_word' id='word_1_67' title='bbox 1303 1197 1328 1269; x_wconf 92' lang='lat' dir='ltr'><strong>l</strong></span> <span class='ocrx_word' id='word_1_68' title='bbox 1352 1194 1478 1271; x_wconf 81' lang='lat' dir='ltr'><strong>Nouae</strong></span> <span class='ocrx_word' id='word_1_69' title='bbox 1506 1198 1644 1295; x_wconf 82' lang='lat' dir='ltr'><strong>Recop.</strong></span> 
     </span>
     <span class='ocr_line' id='line_1_9' title="bbox 351 1293 1647 1393; baseline 0.004 -21"><span class='ocrx_word' id='word_1_70' title='bbox 351 1297 458 1389; x_wconf 90' lang='lat' dir='ltr'><strong>Quin</strong></span> <span class='ocrx_word' id='word_1_71' title='bbox 476 1312 514 1372; x_wconf 92' lang='lat' dir='ltr'><strong>et</strong></span> <span class='ocrx_word' id='word_1_72' title='bbox 531 1297 637 1393; x_wconf 84' lang='lat' dir='ltr'><strong>praef.</strong></span> <span class='ocrx_word' id='word_1_73' title='bbox 653 1297 814 1371; x_wconf 88' lang='lat' dir='ltr'><strong>Carolus</strong></span> <span class='ocrx_word' id='word_1_74' title='bbox 831 1318 893 1370; x_wconf 83' lang='lat' dir='ltr'><strong>an.</strong></span> <span class='ocrx_word' id='word_1_75' title='bbox 914 1312 1009 1387; x_wconf 79' lang='lat'>1552</span> <span class='ocrx_word' id='word_1_76' title='bbox 1026 1293 1233 1367; x_wconf 89' lang='lat' dir='ltr'><strong>Societates</strong></span> <span class='ocrx_word' id='word_1_77' title='bbox 1252 1317 1410 1388; x_wconf 90' lang='lat' dir='ltr'><strong>omnes,</strong></span> <span class='ocrx_word' id='word_1_78' title='bbox 1432 1299 1550 1375; x_wconf 87' lang='lat' dir='ltr'><strong>etiam</strong></span> <span class='ocrx_word' id='word_1_79' title='bbox 1565 1303 1647 1377; x_wconf 86' lang='lat' dir='ltr'><strong>Re·</strong></span> 
     </span>
     <span class='ocr_line' id='line_1_10' title="bbox 353 1395 1646 1496; baseline 0.002 -21"><span class='ocrx_word' id='word_1_80' title='bbox 353 1400 420 1496; x_wconf 78' lang='lat' dir='ltr'><strong>gio</strong></span> <span class='ocrx_word' id='word_1_81' title='bbox 436 1400 680 1475; x_wconf 87' lang='lat' dir='ltr'><strong>confirmatas</strong></span> <span class='ocrx_word' id='word_1_82' title='bbox 696 1399 879 1486; x_wconf 74' lang='lat' dir='ltr'><strong>Decreto,</strong></span> <span class='ocrx_word' id='word_1_83' title='bbox 894 1410 977 1493; x_wconf 84' lang='lat' dir='ltr'><strong>&#39;quae</strong></span> <span class='ocrx_word' id='word_1_84' title='bbox 995 1417 1043 1469; x_wconf 88' lang='lat' dir='ltr'><strong>ex</strong></span> <span class='ocrx_word' id='word_1_85' title='bbox 1059 1395 1278 1477; x_wconf 86' lang='lat' dir='ltr'><strong>hominibus</strong></span> <span class='ocrx_word' id='word_1_86' title='bbox 1290 1397 1490 1475; x_wconf 74' lang='lat' dir='ltr'><strong>fabrilibus</strong></span> <span class='ocrx_word' id='word_1_87' title='bbox 1506 1401 1646 1479; x_wconf 86' lang='lat' dir='ltr'><strong>deditis</strong></span> 
     </span>
     <span class='ocr_line' id='line_1_11' title="bbox 351 1495 1652 1595; baseline 0.002 -16"><span class='ocrx_word' id='word_1_88' title='bbox 351 1501 546 1581; x_wconf 81' lang='lat' dir='ltr'><strong>exercitiis</strong></span> <span class='ocrx_word' id='word_1_89' title='bbox 577 1500 827 1589; x_wconf 84' lang='lat' dir='ltr'><strong>coaluerant,</strong></span> <span class='ocrx_word' id='word_1_90' title='bbox 854 1495 1070 1579; x_wconf 79' lang='lat' dir='ltr'><strong>¹abolendas</strong></span> <span class='ocrx_word' id='word_1_91' title='bbox 1099 1499 1249 1573; x_wconf 82' lang='lat' dir='ltr'><strong>sanxit:</strong></span> <span class='ocrx_word' id='word_1_92' title='bbox 1279 1500 1652 1595; x_wconf 72' lang='lat' dir='ltr'><strong>Leg.1V;e0u.uu</strong></span> 
     </span>
     <span class='ocr_line' id='line_1_12' title="bbox 351 1599 1648 1699; baseline 0.002 -18"><span class='ocrx_word' id='word_1_93' title='bbox 351 1600 720 1681; x_wconf 72' lang='lat' dir='ltr'><strong>confraternitatum</strong></span> <span class='ocrx_word' id='word_1_94' title='bbox 749 1617 880 1677; x_wconf 90' lang='lat' dir='ltr'><strong>tamen</strong></span> <span class='ocrx_word' id='word_1_95' title='bbox 908 1599 1122 1674; x_wconf 88' lang='lat' dir='ltr'><strong>erectiones</strong></span> <span class='ocrx_word' id='word_1_96' title='bbox 1153 1600 1360 1695; x_wconf 92' lang='lat' dir='ltr'><strong>plurimum</strong></span> <span class='ocrx_word' id='word_1_97' title='bbox 1394 1606 1588 1699; x_wconf 90' lang='lat' dir='ltr'><strong>promovit</strong></span> <span class='ocrx_word' id='word_1_98' title='bbox 1610 1607 1648 1683; x_wconf 83' lang='lat' dir='ltr'><strong>S.</strong></span> 
     </span>
     <span class='ocr_line' id='line_1_13' title="bbox 349 1699 1652 1807; baseline 0.002 -27"><span class='ocrx_word' id='word_1_99' title='bbox 349 1699 514 1783; x_wconf 85' lang='lat' dir='ltr'><strong>Carolus</strong></span> <span class='ocrx_word' id='word_1_100' title='bbox 529 1706 765 1780; x_wconf 86' lang='lat' dir='ltr'><strong>Borromaeus</strong></span> <span class='ocrx_word' id='word_1_101' title='bbox 781 1705 819 1778; x_wconf 92' lang='lat' dir='ltr'><strong>io</strong></span> <span class='ocrx_word' id='word_1_102' title='bbox 833 1702 956 1777; x_wconf 85' lang='lat' dir='ltr'><strong>Cone.</strong></span> <span class='ocrx_word' id='word_1_103' title='bbox 972 1701 1251 1792; x_wconf 81' lang='lat' dir='ltr'><strong>Mediolanii,</strong></span> <span class='ocrx_word' id='word_1_104' title='bbox 1269 1706 1342 1793; x_wconf 92' lang='lat' dir='ltr'><strong>lll,</strong></span> <span class='ocrx_word' id='word_1_105' title='bbox 1359 1719 1399 1778; x_wconf 89' lang='lat' dir='ltr'><strong>et</strong></span> <span class='ocrx_word' id='word_1_106' title='bbox 1415 1704 1491 1796; x_wconf 90' lang='lat' dir='ltr'><strong>lV,</strong></span> <span class='ocrx_word' id='word_1_107' title='bbox 1506 1706 1652 1807; x_wconf 60' lang='lat' dir='ltr'><strong>quippe</strong></span> 
     </span>
     <span class='ocr_line' id='line_1_14' title="bbox 352 1803 1650 1904; baseline 0.003 -21"><span class='ocrx_word' id='word_1_108' title='bbox 352 1829 437 1904; x_wconf 85' lang='lat' dir='ltr'><strong>quae</strong></span> <span class='ocrx_word' id='word_1_109' title='bbox 465 1825 556 1883; x_wconf 93' lang='lat' dir='ltr'><strong>tunc</strong></span> <span class='ocrx_word' id='word_1_110' title='bbox 583 1806 796 1881; x_wconf 84' lang='lat' dir='ltr'><strong>uberrimos</strong></span> <span class='ocrx_word' id='word_1_111' title='bbox 824 1806 862 1878; x_wconf 92' lang='lat' dir='ltr'><strong>in</strong></span> <span class='ocrx_word' id='word_1_112' title='bbox 882 1803 1055 1878; x_wconf 89' lang='lat' dir='ltr'><strong>Ecclesia</strong></span> <span class='ocrx_word' id='word_1_113' title='bbox 1089 1803 1232 1879; x_wconf 84' lang='lat' dir='ltr'><strong>fructus</strong></span> <span class='ocrx_word' id='word_1_114' title='bbox 1253 1805 1390 1883; x_wconf 84' lang='lat' dir='ltr'><strong>efferre</strong></span> <span class='ocrx_word' id='word_1_115' title='bbox 1407 1831 1518 1904; x_wconf 87' lang='lat' dir='ltr'><strong>posse</strong></span> <span class='ocrx_word' id='word_1_116' title='bbox 1536 1813 1650 1889; x_wconf 44' lang='lat' dir='ltr'><strong>vides</strong></span> 
     </span>
     <span class='ocr_line' id='line_1_15' title="bbox 349 1904 1655 2007; baseline 0.006 -24"><span class='ocrx_word' id='word_1_117' title='bbox 349 1925 494 1985; x_wconf 86' lang='lat' dir='ltr'><strong>rentur.</strong></span> <span class='ocrx_word' id='word_1_118' title='bbox 523 1909 660 1984; x_wconf 88' lang='lat' dir='ltr'><strong>PiusV</strong></span> <span class='ocrx_word' id='word_1_119' title='bbox 691 1910 730 1983; x_wconf 93' lang='lat' dir='ltr'><strong>in</strong></span> <span class='ocrx_word' id='word_1_120' title='bbox 751 1906 916 1983; x_wconf 89' lang='lat' dir='ltr'><strong>Constit.</strong></span> <span class='ocrx_word' id='word_1_121' title='bbox 945 1905 1011 1979; x_wconf 81' lang='lat' dir='ltr'><strong>Ex</strong></span> <span class='ocrx_word' id='word_1_122' title='bbox 1037 1904 1187 1996; x_wconf 72' lang='lat' dir='ltr'><strong>debito,</strong></span> <span class='ocrx_word' id='word_1_123' title='bbox 1216 1906 1428 2007; x_wconf 87' lang='lat' dir='ltr'><strong>Episcopos</strong></span> <span class='ocrx_word' id='word_1_124' title='bbox 1455 1914 1655 2006; x_wconf 68' lang='lat' dir='ltr'><strong>hortaturus</strong></span> 
     </span>
     <span class='ocr_line' id='line_1_16' title="bbox 350 2008 1650 2110; baseline -0.002 -24"><span class='ocrx_word' id='word_1_125' title='bbox 350 2025 394 2086; x_wconf 89' lang='lat' dir='ltr'><strong>ut</strong></span> <span class='ocrx_word' id='word_1_126' title='bbox 410 2010 752 2087; x_wconf 79' lang='lat' dir='ltr'><strong>confraternitates</strong></span> <span class='ocrx_word' id='word_1_127' title='bbox 778 2011 829 2085; x_wconf 92' lang='lat' dir='ltr'><strong>ad</strong></span> <span class='ocrx_word' id='word_1_128' title='bbox 855 2029 1059 2104; x_wconf 90' lang='lat' dir='ltr'><strong>puerorum</strong></span> <span class='ocrx_word' id='word_1_129' title='bbox 1090 2008 1366 2084; x_wconf 86' lang='lat' dir='ltr'><strong>iustitutionem</strong></span> <span class='ocrx_word' id='word_1_130' title='bbox 1397 2013 1545 2110; x_wconf 85' lang='lat' dir='ltr'><strong>erigere</strong></span> <span class='ocrx_word' id='word_1_131' title='bbox 1576 2024 1650 2090; x_wconf 55' lang='lat' dir='ltr'><strong>cuz-2</strong></span> 
     </span>
     <span class='ocr_line' id='line_1_17' title="bbox 350 2108 1655 2210; baseline 0.002 -20"><span class='ocrx_word' id='word_1_132' title='bbox 350 2128 450 2191; x_wconf 84' lang='lat' dir='ltr'><strong>rent.</strong></span> <span class='ocrx_word' id='word_1_133' title='bbox 477 2115 576 2187; x_wconf 86' lang='lat' dir='ltr'><strong>Tum</strong></span> <span class='ocrx_word' id='word_1_134' title='bbox 608 2113 673 2210; x_wconf 85' lang='lat' dir='ltr'><strong>qui</strong></span> <span class='ocrx_word' id='word_1_135' title='bbox 710 2110 856 2208; x_wconf 88' lang='lat' dir='ltr'><strong>sequuti</strong></span> <span class='ocrx_word' id='word_1_136' title='bbox 894 2120 980 2182; x_wconf 92' lang='lat' dir='ltr'><strong>sunt</strong></span> <span class='ocrx_word' id='word_1_137' title='bbox 1007 2108 1240 2196; x_wconf 85' lang='lat' dir='ltr'><strong>Pontifices,</strong></span> <span class='ocrx_word' id='word_1_138' title='bbox 1272 2109 1655 2193; x_wconf 76' lang='lat' dir='ltr'><strong>Confraternitatum‘</strong></span> 
     </span>
     <span class='ocr_line' id='line_1_18' title="bbox 349 2209 1654 2312; baseline 0.004 -23"><span class='ocrx_word' id='word_1_139' title='bbox 349 2217 562 2291; x_wconf 87' lang='lat' dir='ltr'><strong>erectiones</strong></span> <span class='ocrx_word' id='word_1_140' title='bbox 580 2214 908 2312; x_wconf 80' lang='lat' dir='ltr'><strong>Indulgentiarum</strong></span> <span class='ocrx_word' id='word_1_141' title='bbox 926 2269 938 2301; x_wconf 92' lang='lat'><strong>,</strong></span> <span class='ocrx_word' id='word_1_142' title='bbox 970 2224 1009 2283; x_wconf 92' lang='lat' dir='ltr'><strong>et</strong></span> <span class='ocrx_word' id='word_1_143' title='bbox 1033 2209 1320 2309; x_wconf 83' lang='lat' dir='ltr'><strong>privilegiorum</strong></span> <span class='ocrx_word' id='word_1_144' title='bbox 1338 2217 1654 2294; x_wconf 84' lang='lat' dir='ltr'><strong>concessionibus·</strong></span> 
     </span>
     <span class='ocr_line' id='line_1_19' title="bbox 354 2313 1656 2418; baseline 0.005 -27"><span class='ocrx_word' id='word_1_145' title='bbox 354 2318 597 2393; x_wconf 85' lang='lat' dir='ltr'><strong>decorarunt.</strong></span> <span class='ocrx_word' id='word_1_146' title='bbox 632 2316 761 2391; x_wconf 87' lang='lat' dir='ltr'><strong>Nemo</strong></span> <span class='ocrx_word' id='word_1_147' title='bbox 791 2336 867 2390; x_wconf 91' lang='lat' dir='ltr'><strong>non</strong></span> <span class='ocrx_word' id='word_1_148' title='bbox 895 2313 1001 2390; x_wconf 84' lang='lat' dir='ltr'><strong>videt</strong></span> <span class='ocrx_word' id='word_1_149' title='bbox 1028 2313 1243 2405; x_wconf 88' lang='lat' dir='ltr'><strong>hujusmodi</strong></span> <span class='ocrx_word' id='word_1_150' title='bbox 1276 2314 1519 2411; x_wconf 88' lang='lat' dir='ltr'><strong>Societates,</strong></span> <span class='ocrx_word' id='word_1_151' title='bbox 1559 2343 1656 2418; x_wconf 78' lang='lat' dir='ltr'><strong>quaez·</strong></span> 
     </span>
     <span class='ocr_line' id='line_1_20' title="bbox 350 2414 1657 2516; baseline 0.001 -23"><span class='ocrx_word' id='word_1_152' title='bbox 350 2421 614 2516; x_wconf 87' lang='lat' dir='ltr'><strong>proximorum</strong></span> <span class='ocrx_word' id='word_1_153' title='bbox 645 2417 913 2492; x_wconf 89' lang='lat' dir='ltr'><strong>subveniendis</strong></span> <span class='ocrx_word' id='word_1_154' title='bbox 941 2414 1161 2512; x_wconf 83' lang='lat' dir='ltr'><strong>indigentiis</strong></span> <span class='ocrx_word' id='word_1_155' title='bbox 1195 2415 1372 2492; x_wconf 79' lang='lat' dir='ltr'><strong>instituta</strong></span> <span class='ocrx_word' id='word_1_156' title='bbox 1392 2436 1506 2511; x_wconf 88' lang='lat' dir='ltr'><strong>sunt,</strong></span> <span class='ocrx_word' id='word_1_157' title='bbox 1528 2423 1657 2499; x_wconf 58' lang='lat' dir='ltr'><strong>utiloes</strong></span> 
     </span>
     <span class='ocr_line' id='line_1_21' title="bbox 351 2513 1646 2620; baseline 0.002 -25"><span class='ocrx_word' id='word_1_158' title='bbox 351 2542 508 2618; x_wconf 86' lang='lat' dir='ltr'><strong>prorsus</strong></span> <span class='ocrx_word' id='word_1_159' title='bbox 541 2541 622 2593; x_wconf 90' lang='lat' dir='ltr'><strong>esse</strong></span> <span class='ocrx_word' id='word_1_160' title='bbox 640 2552 652 2607; x_wconf 91' lang='lat'><strong>,-</strong></span> <span class='ocrx_word' id='word_1_161' title='bbox 673 2518 710 2592; x_wconf 89' lang='lat' dir='ltr'><strong>si</strong></span> <span class='ocrx_word' id='word_1_162' title='bbox 731 2539 778 2591; x_wconf 85' lang='lat' dir='ltr'><strong>ex</strong></span> <span class='ocrx_word' id='word_1_163' title='bbox 800 2513 1018 2591; x_wconf 84' lang='lat' dir='ltr'><strong>hominibus</strong></span> <span class='ocrx_word' id='word_1_164' title='bbox 1048 2515 1287 2604; x_wconf 83' lang='lat' dir='ltr'><strong>coalescant,</strong></span> <span class='ocrx_word' id='word_1_165' title='bbox 1302 2520 1365 2616; x_wconf 90' lang='lat' dir='ltr'><strong>qui</strong></span> <span class='ocrx_word' id='word_1_166' title='bbox 1382 2521 1526 2599; x_wconf 87' lang='lat' dir='ltr'><strong>Christi</strong></span> <span class='ocrx_word' id='word_1_167' title='bbox 1545 2535 1646 2620; x_wconf 67' lang='lat' dir='ltr'><strong>qua.-</strong></span> 
     </span>
     <span class='ocr_line' id='line_1_22' title="bbox 348 2615 1733 2720; baseline 0.002 -19"><span class='ocrx_word' id='word_1_168' title='bbox 348 2640 464 2714; x_wconf 84' lang='lat' dir='ltr'><strong>runt,</strong></span> <span class='ocrx_word' id='word_1_169' title='bbox 488 2631 564 2696; x_wconf 88' lang='lat' dir='ltr'><strong>non</strong></span> <span class='ocrx_word' id='word_1_170' title='bbox 587 2643 670 2720; x_wconf 84' lang='lat' dir='ltr'><strong>quae</strong></span> <span class='ocrx_word' id='word_1_171' title='bbox 696 2641 760 2694; x_wconf 91' lang='lat' dir='ltr'><strong>sua</strong></span> <span class='ocrx_word' id='word_1_172' title='bbox 783 2633 896 2708; x_wconf 91' lang='lat' dir='ltr'><strong>sunt,</strong></span> <span class='ocrx_word' id='word_1_173' title='bbox 930 2631 969 2691; x_wconf 91' lang='lat' dir='ltr'><strong>et</strong></span> <span class='ocrx_word' id='word_1_174' title='bbox 987 2615 1066 2689; x_wconf 86' lang='lat' dir='ltr'><strong>nisi</strong></span> <span class='ocrx_word' id='word_1_175' title='bbox 1086 2615 1185 2691; x_wconf 86' lang='lat' dir='ltr'><strong>forte</strong></span> <span class='ocrx_word' id='word_1_176' title='bbox 1202 2618 1424 2715; x_wconf 88' lang='lat' dir='ltr'><strong>irrepserint</strong></span> <span class='ocrx_word' id='word_1_177' title='bbox 1445 2620 1654 2704; x_wconf 69' lang='lat' dir='ltr'><strong>abusiones</strong></span> <span class='ocrx_word' id='word_1_178' title='bbox 1728 2632 1733 2642; x_wconf 89' lang='lat'>&#39;</span> 
     </span>
     <span class='ocr_line' id='line_1_23' title="bbox 264 2717 1656 2823; baseline 0.003 -22"><span class='ocrx_word' id='word_1_179' title='bbox 264 2740 271 2746; x_wconf 84' lang='grc'><strong>“</strong></span> <span class='ocrx_word' id='word_1_180' title='bbox 353 2725 376 2800; x_wconf 75' lang='lat' dir='ltr'><strong>d</strong></span> <span class='ocrx_word' id='word_1_181' title='bbox 393 2726 500 2823; x_wconf 87' lang='lat' dir='ltr'><strong>praes.</strong></span> <span class='ocrx_word' id='word_1_182' title='bbox 514 2724 605 2821; x_wconf 89' lang='lat' dir='ltr'><strong>Syn.</strong></span> <span class='ocrx_word' id='word_1_183' title='bbox 623 2723 859 2797; x_wconf 85' lang='lat' dir='ltr'><strong>Naunetens.</strong></span> <span class='ocrx_word' id='word_1_184' title='bbox 888 2719 1091 2800; x_wconf 26' lang='lat' dir='ltr'><strong>dam-natu·</strong></span> <span class='ocrx_word' id='word_1_185' title='bbox 1108 2717 1189 2794; x_wconf 82' lang='lat' dir='ltr'><strong>-Eae</strong></span> <span class='ocrx_word' id='word_1_186' title='bbox 1206 2742 1438 2821; x_wconf 73' lang='lat' dir='ltr'><strong>quacunque</strong></span> <span class='ocrx_word' id='word_1_187' title='bbox 1455 2726 1536 2802; x_wconf 81' lang='lat' dir='ltr'><strong>sint</strong></span> <span class='ocrx_word' id='word_1_188' title='bbox 1553 2725 1656 2806; x_wconf 69' lang='lat' dir='ltr'><strong>abs-r</strong></span> 
     </span>
     <span class='ocr_line' id='line_1_24' title="bbox 353 2821 1656 2927; baseline 0.003 -23"><span class='ocrx_word' id='word_1_189' title='bbox 353 2850 426 2927; x_wconf 88' lang='lat' dir='ltr'><strong>que</strong></span> <span class='ocrx_word' id='word_1_190' title='bbox 441 2827 591 2924; x_wconf 86' lang='lat' dir='ltr'><strong>Regio,</strong></span> <span class='ocrx_word' id='word_1_191' title='bbox 621 2826 676 2900; x_wconf 91' lang='lat' dir='ltr'><strong>uti</strong></span> <span class='ocrx_word' id='word_1_192' title='bbox 699 2824 845 2898; x_wconf 87' lang='lat' dir='ltr'><strong>dictum</strong></span> <span class='ocrx_word' id='word_1_193' title='bbox 876 2836 957 2910; x_wconf 93' lang='lat' dir='ltr'><strong>est,</strong></span> <span class='ocrx_word' id='word_1_194' title='bbox 983 2821 1143 2894; x_wconf 90' lang='lat' dir='ltr'><strong>adsensu</strong></span> <span class='ocrx_word' id='word_1_195' title='bbox 1161 2822 1353 2918; x_wconf 85' lang='lat' dir='ltr'><strong>erigendae</strong></span> <span class='ocrx_word' id='word_1_196' title='bbox 1371 2848 1448 2900; x_wconf 92' lang='lat' dir='ltr'><strong>non</strong></span> <span class='ocrx_word' id='word_1_197' title='bbox 1467 2844 1582 2918; x_wconf 89' lang='lat' dir='ltr'><strong>sunt,</strong></span> <span class='ocrx_word' id='word_1_198' title='bbox 1603 2837 1656 2908; x_wconf 72' lang='lat' dir='ltr'><strong>uu</strong></span> 
     </span>
     <span class='ocr_line' id='line_1_25' title="bbox 352 2920 1650 3027; baseline 0.003 -21"><span class='ocrx_word' id='word_1_199' title='bbox 352 2928 575 3027; x_wconf 79' lang='lat' dir='ltr'><strong>adprobatis</strong></span> <span class='ocrx_word' id='word_1_200' title='bbox 608 2924 887 3004; x_wconf 41' lang='lat' dir='ltr'><strong>ab&#39;Ordinario</strong></span> <span class='ocrx_word' id='word_1_201' title='bbox 904 2920 1267 3000; x_wconf 84' lang='lat' dir='ltr'><strong>Constitutionibus:</strong></span> <span class='ocrx_word' id='word_1_202' title='bbox 1291 2923 1575 3008; x_wconf 87' lang='lat' dir='ltr'><strong>ClemensVlll</strong></span> <span class='ocrx_word' id='word_1_203' title='bbox 1604 2932 1650 3010; x_wconf 68' lang='lat' dir='ltr'><strong>id</strong></span> 
     </span>
     <span class='ocr_line' id='line_1_26' title="bbox 352 3021 1750 3124; baseline -0.001 -17"><span class='ocrx_word' id='word_1_204' title='bbox 352 3029 518 3108; x_wconf 85' lang='lat' dir='ltr'><strong>Constit.</strong></span> <span class='ocrx_word' id='word_1_205' title='bbox 540 3027 782 3124; x_wconf 77' lang='lat' dir='ltr'><strong>Quicunque,</strong></span> <span class='ocrx_word' id='word_1_206' title='bbox 812 3042 851 3104; x_wconf 90' lang='lat' dir='ltr'><strong>et</strong></span> <span class='ocrx_word' id='word_1_207' title='bbox 868 3027 959 3123; x_wconf 83' lang='lat' dir='ltr'><strong>Syn.</strong></span> <span class='ocrx_word' id='word_1_208' title='bbox 976 3023 1132 3107; x_wconf 77' lang='lat' dir='ltr'><strong>Valent.</strong></span> <span class='ocrx_word' id='word_1_209' title='bbox 1143 3048 1210 3108; x_wconf 69' lang='lat' dir='ltr'><strong>an.</strong></span> <span class='ocrx_word' id='word_1_210' title='bbox 1230 3026 1452 3120; x_wconf 77' lang='lat' dir='ltr'><strong>1565Sess.</strong></span> <span class='ocrx_word' id='word_1_211' title='bbox 1465 3021 1540 3106; x_wconf 75' lang='lat' dir='ltr'><strong>lVr</strong></span> <span class='ocrx_word' id='word_1_212' title='bbox 1565 3031 1655 3112; x_wconf 72' lang='lat' dir='ltr'><strong>Tun</strong></span> <span class='ocrx_word' id='word_1_213' title='bbox 1747 3107 1750 3112; x_wconf 82' lang='grc'>,</span> 
     </span>
     <span class='ocr_line' id='line_1_27' title="bbox 351 3123 1664 3229; baseline -0.002 -21"><span class='ocrx_word' id='word_1_214' title='bbox 351 3133 434 3208; x_wconf 87' lang='grc' dir='ltr'><strong>ΙΙΙ</strong></span> <span class='ocrx_word' id='word_1_215' title='bbox 458 3152 540 3225; x_wconf 79' lang='lat' dir='ltr'><strong>cup.</strong></span> <span class='ocrx_word' id='word_1_216' title='bbox 563 3151 608 3223; x_wconf 83' lang='lat'><strong>13</strong></span> <span class='ocrx_word' id='word_1_217' title='bbox 629 3129 723 3208; x_wconf 83' lang='lat' dir='ltr'><strong>alias</strong></span> <span class='ocrx_word' id='word_1_218' title='bbox 739 3149 814 3222; x_wconf 78' lang='lat' dir='ltr'><strong>rs.</strong></span> <span class='ocrx_word' id='word_1_219' title='bbox 845 3129 970 3204; x_wconf 89' lang='lat' dir='ltr'><strong>lmmo</strong></span> <span class='ocrx_word' id='word_1_220' title='bbox 1003 3123 1165 3208; x_wconf 79' lang='lat' dir='ltr'><strong>visitari.</strong></span> <span class='ocrx_word' id='word_1_221' title='bbox 1180 3147 1336 3223; x_wconf 89' lang='lat' dir='ltr'><strong>possunt</strong></span> <span class='ocrx_word' id='word_1_222' title='bbox 1363 3130 1413 3206; x_wconf 92' lang='lat' dir='ltr'><strong>ab</strong></span> <span class='ocrx_word' id='word_1_223' title='bbox 1432 3131 1664 3229; x_wconf 68' lang='lat' dir='ltr'><strong>Episcopm.</strong></span> 
     </span>
     <span class='ocr_line' id='line_1_28' title="bbox 353 3228 1651 3331; baseline 0.006 -25"><span class='ocrx_word' id='word_1_224' title='bbox 353 3235 426 3308; x_wconf 89' lang='lat' dir='ltr'><strong>nisi</strong></span> <span class='ocrx_word' id='word_1_225' title='bbox 452 3258 534 3331; x_wconf 79' lang='lat' dir='ltr'><strong>quae</strong></span> <span class='ocrx_word' id='word_1_226' title='bbox 561 3230 630 3308; x_wconf 88' lang='lat' dir='ltr'><strong>sub</strong></span> <span class='ocrx_word' id='word_1_227' title='bbox 645 3232 797 3328; x_wconf 82' lang='lat' dir='ltr'><strong>Regum</strong></span> <span class='ocrx_word' id='word_1_228' title='bbox 824 3228 1059 3308; x_wconf 82' lang='lat' dir='ltr'><strong>immediata·</strong></span> <span class='ocrx_word' id='word_1_229' title='bbox 1075 3229 1324 3324; x_wconf 66' lang='lat' dir='ltr'><strong>protectione</strong></span> <span class='ocrx_word' id='word_1_230' title='bbox 1338 3251 1442 3314; x_wconf 77' lang='lat' dir='ltr'><strong>sunta</strong></span> <span class='ocrx_word' id='word_1_231' title='bbox 1468 3233 1651 3314; x_wconf 57' lang='lat' dir='ltr'><strong>truderat</strong></span> 
     </span>
     <span class='ocr_line' id='line_1_29' title="bbox 353 3328 1435 3434; baseline -0.006 -18"><span class='ocrx_word' id='word_1_232' title='bbox 353 3334 590 3416; x_wconf 64' lang='lat' dir='ltr'><strong>Sasona</strong></span> <span class='ocrx_word' id='word_1_233' title='bbox 605 3328 912 3434; x_wconf 77' lang='lat' dir='ltr'><strong>Refi·cap.8.(*)·</strong></span> <span class='ocrx_word' id='word_1_234' title='bbox 1011 3369 1014 3374; x_wconf 90' lang='lat'>·</span> <span class='ocrx_word' id='word_1_235' title='bbox 1432 3382 1435 3389; x_wconf 89' lang='lat'>·</span> 
     </span>
    </p>
   </div>
   <div class='ocr_carea' id='block_1_2' title="bbox 522 3529 539 3565">
    <p class='ocr_par' dir='ltr' id='par_1_2' title="bbox 522 3529 539 3565">
     <span class='ocr_line' id='line_1_30' title="bbox 522 3529 539 3565; baseline 0 0"><span class='ocrx_word' id='word_1_236' title='bbox 522 3529 539 3565; x_wconf 73' lang='grc'>1</span> 
     </span>
    </p>
   </div>
   <div class='ocr_carea' id='block_1_3' title="bbox 0 0 2022 5275">
    <p class='ocr_par' dir='ltr' id='par_1_3' title="bbox 0 0 2022 5275">
     <span class='ocr_line' id='line_1_31' title="bbox 0 0 2022 5275; baseline 0 1"><span class='ocrx_word' id='word_1_237' title='bbox 0 0 2022 5275; x_wconf 95' lang='lat' dir='ltr'><strong> </strong></span> 
     </span>
    </p>
   </div>
  </div>
 </body>
</html>
