4034 5275
767 424 769 427 .
1329 397 1338 428 l

676 496 795 578 liber
811 494 840 575 l
841 497 875 575 I.
893 496 1046 576 Titulus
1063 498 1107 597 X
1109 495 1155 575 V
1162 499 1189 574 l
1192 495 1227 576 l.
1504 520 1578 604 179

314 608 454 687 delium
482 603 743 687 communioni
777 605 1072 680 adscribendam
1105 617 1237 680 censet
1254 602 1446 679 Honorius
1463 604 1605 704 Augus

313 711 534 789 rodonensis
563 713 601 781 in
626 709 774 782 Gemma
803 711 935 781 nnimae
951 707 1046 802 Cap.
1066 709 1136 799 58.
1165 708 1205 783 id
1233 709 1335 806 quod
1368 731 1440 782 vm
1466 711 1604 784 saeculo

312 816 481 912 primum
508 813 592 886 lieri
619 826 819 906 coeptum,
841 811 975 885 saltem
1005 810 1043 883 in
1061 811 1189 884 Missis
1215 810 1404 905 privatis,
1427 812 1603 886 demons-

311 933 388 994 trat
405 913 656 992 Mabillonius
679 915 718 985 iu
736 912 859 1005 Praef.
876 911 928 986 ad
943 911 969 984 I
985 912 1098 987 Part.
1113 912 1139 985 I
1145 912 1170 986 Ι
1174 911 1201 984 Ι
1218 911 1322 988 Saec.
1340 912 1476 991 Berted.
1490 939 1525 988 n.
1538 915 1603 988 62.

313 1014 453 1121 (**)At
482 1019 521 1091 in
536 1015 722 1112 Hispania
754 1014 924 1110 pecunia
953 1011 1167 1089 oblationes
1186 1015 1417 1113 antiquiores
1438 1037 1605 1091 essesoe-
1692 1070 1719 1106 ·.

314 1121 402 1197 culo
415 1144 510 1211 vus,
529 1133 569 1194 et
583 1119 737 1218 quidem
756 1117 795 1191 in
812 1117 916 1191 festis
933 1116 1069 1195 diebus
1087 1118 1324 1192 demonstrat
1338 1118 1603 1216 Syn.Emerit.

316 1246 377 1299 an.
393 1221 482 1298 666.
502 1220 600 1318 Cap.
626 1219 737 1295 XIV:
769 1222 813 1294 In
840 1220 988 1296 Sauctn
1023 1218 1099 1294 Dei
1128 1219 1333 1311 Ecclesia,
1359 1223 1446 1311 ait,
1479 1222 1606 1300 diebus
1638 1302 1640 1307 7

302 1325 432 1420 festis
442 1343 511 1421 pro
528 1323 798 1412 consuetudine,
813 1338 851 1398 et
866 1322 1048 1412 mercede,
1072 1326 1324 1397 communionis
1346 1338 1503 1418 temporo
1517 1325 1542 1400 d
1551 1322 1605 1419 fi·

317 1425 460 1504 delibus
470 1430 657 1522 pecuniam
675 1428 837 1500 nouimus
848 1428 946 1518 poni.
966 1426 1085 1500 Porro
1114 1427 1188 1499 duo
1214 1426 1360 1500 indicat
1386 1426 1604 1521 praetem.

319 1553 337 1605 r
358 1529 560 1627 pecuniam
577 1528 705 1604 offerri
723 1527 875 1603 solitam
900 1528 938 1600 in
956 1527 1085 1601 Missis
1100 1525 1374 1619 sollemnibus,
1398 1528 1511 1624 idque
1537 1532 1610 1603 de·

317 1647 453 1708 notant
469 1628 596 1707 verba·
606 1628 733 1705 diebus
743 1628 892 1722 festis,
913 1632 1164 1708 communionis
1178 1645 1338 1726 terrspore
1353 1685 1364 1720 ,
1382 1629 1407 1701 a*
1418 1629 1608 1725 fidelibus:

317 1754 435 1811 anon
468 1750 560 1809 tunc
596 1733 719 1830 primo
755 1731 887 1806 usitari
920 1731 1083 1828 coepisse
1123 1733 1163 1807 id
1204 1756 1322 1831 genus
1354 1728 1610 1825 oblationum,

316 1839 384 1913 sed
399 1836 566 1913 Concilii
581 1833 830 1910 Emeritensis
862 1857 944 1910 aevo
970 1836 1203 1935 antiquiores
1235 1859 1342 1926 esse,
1376 1837 1432 1910 uti
1453 1838 1609 1936 colligi-

317 1952 378 2016 tur
408 1962 456 2013 ex
486 1940 545 2014 his
571 1937 717 2015 verbis:
742 1957 812 2033 pro
843 1938 1098 2013 cousuetudine
1122 1936 1284 2014 nouimus
1311 1934 1477 2040 poni.(*)
1504 1943 1608 2014 Tum

317 2040 464 2117 denarii
486 2041 585 2116 inter
601 2041 809 2114 Missarum
841 2038 1040 2114 sollemnia
1058 2041 1107 2114 ad
1123 2041 1255 2115 Altare
1273 2040 1414 2130 oblati,
1434 2063 1548 2138 quum
1567 2042 1609 2114 in

285 2156 290 2162 ·
317 2165 426 2221 usum
442 2142 656 2220 Sacerdotis
684 2139 915 2217 celebrantis
939 2143 1077 2217 cedere
1094 2142 1328 2238 coepissent,
1359 2141 1448 2216 hinc
1466 2143 1611 2220 sensim
1741 2160 1744 2169 ·

317 2245 461 2323 iactum
492 2261 576 2336 est,
602 2259 642 2319 ut
664 2245 790 2319 omnis
815 2267 969 2340 prorsus
985 2243 1131 2319 oblatio
1164 2246 1202 2318 in
1218 2247 1336 2320 Missa
1353 2245 1609 2338 desuesceret,

319 2349 385 2424 sed
401 2348 467 2448 qui
483 2372 553 2445 pro
571 2370 639 2437 se,
660 2363 840 2445 tanquam
865 2348 1056 2444 praecipue
1078 2347 1288 2440 offerente,
1318 2349 1478 2422 Missam
1509 2350 1609 2433 cele·

319 2447 448 2541 brari,
478 2466 543 2527 aut
567 2451 668 2524 orari
687 2449 835 2540 vellet,
867 2451 907 2524 id
928 2447 1060 2526 oblato
1082 2452 1240 2526 denario
1258 2451 1281 2525 i
1298 2449 1504 2528 Sacerdote
1520 2475 1611 2549 pos·

319 2553 487 2635 ¹tularet:
519 2554 626 2647 hujus
659 2551 775 2625 moris
806 2551 930 2647 prima
961 2552 1130 2629 occurrit
1162 2553 1306 2638 mentio
1329 2554 1433 2649 apud
1455 2550 1612 2630 Petrum

320 2656 501 2734 Damiani
524 2653 641 2729 Laut
654 2654 784 2749 Epist.
804 2671 864 2746 15.
895 2656 1021 2752 Atque
1047 2654 1138 2730 hinc
1168 2655 1233 2730 ille
1263 2656 1467 2748 denarius,
1496 2679 1612 2757 quem

322 2759 439 2836 bodie
455 2759 723 2845 Houornrium,
737 2770 802 2830 aut
816 2756 1051 2852 Stipendium
1065 2759 1191 2831 Missae
1210 2779 1402 2832 vocamus.
1504 2777 1507 2783 ·

321 2889 330 2938 ,2
372 2862 510 2937 xxvi.
539 2862 640 2934 lnter
672 2858 1181 2955 hujusmodistipendium,
1214 2876 1253 2935 et
1280 2862 1476 2959 antiquum
1511 2866 1613 2941 inter

322 2964 528 3040 Missarunr
555 2962 757 3036 sollemnia
781 2959 971 3052 ‚offerendi
1004 2985 1149 3036 morem
1178 2963 1280 3038 baud
1308 2964 1393 3039 leve
1410 2982 1467 3040 est
1486 2968 1615 3043 discri-

316 3080 427 3142 men.
455 3065 563 3139 Tunc
594 3064 696 3137 enim
725 3083 885 3152 omnes,
918 3064 982 3161 qui
1003 3064 1197 3140 Sacrificio
1228 3064 1438 3143 intererant
1467 3072 1615 3165 fideles,

294 3165 297 3170 ’
319 3190 494 3261 panem,
516 3181 555 3240 et
574 3166 729 3255 vinum,
751 3166 814 3242 vel
831 3167 1008 3243 denarios
1029 3169 1078 3243 ad
1095 3168 1480 3261 Altareofferebant‚
1498 3198 1615 3272 quum

319 3268 511 3345 Sacerdos
541 3268 693 3366 nonnisi
731 3290 846 3342 unam
883 3292 955 3364 pro
983 3269 1161 3353 omnibus
1192 3271 1353 3345 Missam
1390 3274 1616 3360 celebraret.
1715 3314 1716 3317 ¹

319 3372 381 3467 ‘At
412 3372 568 3454 inducto
592 3370 784 3464 stipendio
800 3369 956 3467 quisque
974 3369 1096 3443 fidelis
1115 3370 1209 3448 illud
1231 3389 1435 3467 praestans,
1452 3379 1618 3472 peculia.

325 3495 371 3550 re
404 3494 475 3568 pro
507 3495 546 3547 se
570 3472 736 3568 postulat
757 3472 1004 3548 Sacrificium.
1023 3471 1190 3564 Cetera,
1223 3497 1304 3571 quae
1329 3477 1377 3551 ad
1404 3481 1505 3555 banc
1535 3472 1618 3562 rem

330 3564 530 3670 spectant',
552 3561 742 3649 habebitis
758 3574 798 3647 ‘in
814 3574 1059 3673 Theologicis
1076 3574 1290 3662 Moralibus
1304 3579 1621 3675 Institutionibus.

331 3673 570 3779 (**)Videsis
587 3680 695 3772 lnsjus
706 3675 793 3754 Lib.
806 3675 884 3753 Tit.
892 3678 965 3755 IV
963 3675 1036 3782 (*)

833 3876 897 3957 De
915 3851 1118 3961 Primitiis.

322 4129 328 4160 ;
385 4088 540 4166 XXVII.
567 4089 628 4164 De
655 4087 836 4165 Primitiis
870 4091 1089 4184 fructuum,
1119 4107 1299 4193 tanquam
1330 4097 1380 4171 de
1413 4112 1523 4196 parte
1552 4105 1625 4181 ali-

325 4208 551 4268 mentorum
584 4192 717 4282 Cleri,
750 4216 825 4267 non
855 4196 974 4281 modo
990 4193 1169 4282 Canones
1202 4199 1256 4271 sic
1285 4199 1377 4275 dicti
1410 4205 1626 4300 Apostolici

327 4294 429 4374 <Cam
444 4316 513 4383 tu,
535 4310 574 4369 et
588 4295 889 4371 Constitutiones
906 4297 993 4370 Lib.
1007 4301 1052 4371 V
1056 4297 1082 4371 l
1086 4303 1110 4388 J
1116 4300 1137 4371 l
1154 4320 1235 4396 cup.
1252 4324 1302 4395 40
1318 4304 1542 4401 loquuntur,
1557 4335 1625 4388 ve·

324 4420 422 4472 snm
449 4414 487 4472 et
509 4398 639 4474 Patres
667 4397 939 4497 antiquissimi:
970 4399 1162 4498 Origenes
1194 4421 1330 4493 contra
1354 4408 1507 4494 Celsum
1539 4414 1625 4496 Lib.

333 4497 565 4679 1311„qu
582 4502 848 4588 lrenaeusLib.
866 4500 1031 4601 [Venta
1045 4526 1114 4610 32.r
1139 4507 1420 4685 T{m.iressaeu⁸
1439 4512 1519 4608 ipse
1535 4514 1643 4680 ibiniX

338 4663 340 4668 .
421 4625 488 4677 om.
560 4655 572 4677 .
790 4617 792 4629 '
1483 4617 1486 4622 '
1585 4635 1613 4680 o
1643 4649 1665 4664 ·
