4034 5275
714 473 833 555 Liber
854 475 914 553 ΙΙ.
933 475 1084 552 Titulus
1107 473 1241 553 XXX:
1525 487 1603 572 247

348 582 494 658 siastici
515 582 651 675 ,cujus
678 581 920 677 presentatio
941 579 1102 654 habetur
1132 579 1361 675 perinde'ac
1391 576 1423 651 si
1457 577 1627 666 collario,

345 688 412 762 vei
438 686 578 760 electio
595 699 720 771 esset,
754 707 883 780 quaeJ
866 686 927 777 jus
952 682 1106 779 aliquod
1137 682 1188 756 ad
1220 681 1451 757 Beneficium
1472 678 1631 767 tribuat,

345 787 552 884 posteriori
578 787 869 882 praesentatione
890 786 992 859 haud
1019 785 1284 859 auferendum.
1316 782 1562 858 Innocentius
1578 781 1633 858 IV

336 890 398 964 :ad
416 887 513 984 Cap
532 909 583 982 24
605 889 653 961 de
672 889 862 986 Jurepatr.
895 886 1098 964 clericalis
1122 888 1298 960 variatio
1324 902 1384 961 est
1417 884 1636 1059 interdicta,

346 1016 409 1087 an
402 997 435 1064 a
452 992 500 1065 ill
498 1013 597 1064 orum
612 991 663 1066 CI
662 993 839 1064 eticorum
852 991 1097 1085 praesentotr'o
1119 991 1182 1062 uic
1193 1013 1244 1061 cm
1271 987 1382 1064 babet
1401 1014 1418 1064 e
1420 989 1601 1064 lectionis.

337 1123 341 1163 ;
402 1117 425 1192 3
453 1093 491 1167 Si
508 1091 797 1167 Ecclesiasticus
818 1092 1106 1188 praesentaverit
1132 1091 1360 1188 indignum,
1388 1091 1559 1187 privatur
1586 1110 1633 1166 ea

352 1195 441 1272 vice
469 1195 702 1270 duntaxat
686 1196 770 1288 Jure
811 1193 1102 1313 praesentandi:
1138 1190 1233 1288 Cap.
1262 1216 1305 1266 11
1334 1193 1378 1270 de
1399 1193 1630 1268 Excussibus

337 1295 463 1372 :Prael
463 1313 628 1374 ntorum.
657 1320 763 1371 secus
777 1319 878 1371 vero
900 1298 931 1370 si
951 1297 1063 1371 fuerit
1081 1293 1242 1399 Laicus3
1267 1295 1357 1370 huic
1381 1296 1484 1370 enirn
1503 1294 1633 1393 indig-

349 1400 390 1473 ui
408 1399 650 1496 presentatio
669 1400 763 1473 nihil
782 1398 913 1474 adfert
930 1398 1151 1473 detrimenti
1170 1451 1183 1487 ,
1199 1420 1314 1496 quum
1335 1399 1453 1494 possit
1470 1399 1634 1474 alterurn

338 1538 342 1545 ·
379 1518 612 1576 raesentare.
647 1504 905 1582 communiter
935 1503 1023 1576 DD.
1049 1500 1099 1573 od
1125 1495 1219 1594 Cap.
1251 1520 1279 1593 4
1312 1500 1355 1574 de
1389 1494 1636 1594 Jurepatrort.

347 1524 429 1706 δι’)
446 1622 485 1679 et
502 1606 721 1699 Alphonsus
739 1606 895 1701 Sapiens
909 1603 1002 1698 Leg
1020 1602 1068 1674 V
1081 1601 1251 1704 ejusdem.
1264 1611 1280 1698 4
1281 1597 1321 1704 )
1377 1670 1383 1675 .

399 1728 426 1801 4
452 1706 637 1781 Parochra
672 1709 994 1803 jurispatronatus
1018 1703 1280 1779 Ecclesiastici
1309 1728 1389 1824 per·
1408 1727 1634 1781 concursum

348 1808 399 1883 ad
420 1831 593 1883 normam
611 1809 826 1884 Tridentini
843 1809 1000 1882 omnino
1020 1807 1278 1897 conferenda3
1299 1828 1338 1883 at
1360 1809 1391 1883 si
1410 1825 1632 1902 patronatus

347 1910 460 1986 fuerit
484 1910 655 2002 laicalis,
677 1913 774 1986 satis
788 1910 887 2002 erit,
911 1927 952 1985 ut
970 1925 1216 2006 praesentatus
1236 1908 1286 1984 ab
1303 1912 1523 2008 Episcopo,
1546 1934 1633 1986 exa·

272 2039 274 2041 ’
349 2014 453 2088 mine
474 2030 692 2110 praeunte,
713 2015 869 2089 idoneus
885 2015 1094 2108 probetur,
1113 2007 1213 2112 (**)
1210 2028 1250 2085 ut
1267 2013 1488 2109 inspiciatur
1504 2032 1632 2088 utrum

288 2178 291 2186 ,
348 2114 467 2190 laicus
490 2117 688 2212 indignum
715 2115 1015 2212 praesentaverit.
1037 2113 1228 2204 Quocirca
1252 2114 1399 2210 Synod.
1417 2117 1539 2189 Tolet.
1564 2138 1635 2189 an-

349 2217 391 2290 ni
420 2219 516 2311 1582
538 2229 633 2295 Act.
655 2219 706 2294 II
722 2218 838 2293 Decr.
862 2242 887 2316 9
911 2217 1111 2304 decerunt
1135 2216 1237 2312 quod
1258 2219 1383 2293 nulius
1395 2221 1454 2291 ad
1479 2218 1634 2293 Patroni

348 2324 682 2415 presentationem
702 2322 742 2396 iu
765 2321 955 2395 Beneficio
979 2318 1226 2402 instituatur,
1253 2327 1327 2395 nisi
1347 2324 1457 2416 prins
1474 2339 1542 2416 per
1561 2323 1637 2394 Or·

345 2424 489 2496 dinarii
519 2422 668 2500 examen
698 2426 750 2498 ad
780 2427 912 2499 Horas
941 2421 1151 2498 Canonicas
1183 2423 1475 2515 persolvendos,
1506 2445 1544 2499 et
1564 2443 1637 2518 pro
1748 2476 1752 2481 ψ

347 2529 532 2620 qualitate
553 2525 731 2620 Beneficii
747 2523 897 2598 adolio
916 2525 1192 2598 Ecclesiastico
1217 2527 1426 2601 ministerio
1443 2541 1642 2620 praestaug

348 2625 426 2717 da,
446 2628 596 2705 idoneus
615 2640 695 2704 esse
721 2627 987 2721 comprobetur.
1012 2621 1082 2725 (*)
1112 2662 1135 2670 ·’
1186 2659 1189 2667 >
1219 2662 1223 2674 =

401 2748 422 2824 5
451 2733 617 2831 Legatos
649 2732 672 2805 a
707 2730 826 2807 latere
850 2728 1092 2804 <Beneficium
1126 2740 1347 2825 patronatus
1377 2730 1639 2810 Ecclesiastici

351 2833 464 2908 etiam
485 2835 522 2908 in
542 2833 802 2932 praejudicium
821 2833 976 2908 Patroni
991 2832 1166 2907 conferre
1183 2855 1259 2908 non
1279 2850 1453 2909 vetatur.
1475 2834 1568 2930 Cap.
1588 2836 1637 2911 nu

349 2933 417 3007 hoc
434 2939 498 3009 tit.
518 2940 618 3011 haud
636 2960 728 3010 vero
745 2935 975 3011 Beneficium
996 2948 1216 3031 patronatus
1233 2935 1404 3011 laicalis:
1425 2940 1523 3011 uude
1541 2962 1637 3035 quo-

317 3069 320 3075 1
351 3050 425 3133 que
444 3040 637 3137 colligitur
660 3039 935 3111 reservatioues
955 3038 1196 3133 Apostolicas
1219 3037 1382 3113 adficere
1400 3041 1552 3136 quidem
1570 3040 1638 3116 Be·

349 3140 487 3214 neficia
513 3156 733 3238 patronatus
754 3138 1041 3227 Ecclesiastici,
1067 3140 1171 3232 haud
1192 3161 1284 3215 vero
1301 3141 1489 3218 Beneficia
1511 3159 1640 3239 patro·

351 3256 464 3318 natus
488 3244 667 3319 Laicalis.
694 3247 738 3315 1ιι
768 3258 971 3346 patronatu
997 3242 1117 3313 mixto
1138 3264 1189 3320 ea
1192 3246 1453 3341 proprietas,
1484 3246 1540 3318 uti
1570 3269 1638 3320 nu·-

349 3362 423 3435 -per
447 3342 762 3451 observavimus,
791 3322 1062 3420 adtendendo
1088 3364 1171 3487 quae
1198 3342 1325 3418 eidem
1350 3348 1493 3482 tuendo
1518 3348 1640 3447 magis

350 3447 600 3524 conducit.

406 3549 470 3623 lX.
484 3528 884 3643 Quurfflatronus
853 3575 934 3629 srve
951 3547 1268 3640 Ecclesiasticus
1288 3576 1369 3630 stve
1385 3554 1553 3631 Larcus
1542 3568 1643 3635 rutra
1725 3594 1727 3599 ·

349 3660 504 3748 tempus
524 3654 578 3727 d
561 3678 646 3747 Jure
664 3663 845 3729 statutum
867 3679 942 3731 nou
961 3658 1271 3752 presentaverit,
1293 3658 1450 3734 collatio
1468 3662 1516 3733 ad
1534 3658 1644 3754 Epis·

349 3773 490 3847 copum
507 3757 716 3849 spectavit,
731 3752 812 3857 (**)
826 3757 919 3851 Cap
935 3778 982 3831 aa
1000 3758 1045 3840 de
1058 3753 1265 3861 Jnrrpatr,
1282 3762 1343 3835 cui
1358 3775 1543 3836 consonat
1557 3767 1641 3836 Lea
1679 3850 1684 3859 ,

343 3852 510 3932 -ΧΙΤιι.
527 3855 615 3930 XV
629 3858 843 3947 Portitml
862 3857 974 3959 (Jet
990 3862 1172 3958 quidem
1156 3883 1241 3955 Jure
1259 3885 1333 3938 nou
1349 3864 1558 3949 devoluto
1573 3864 1642 3941 sed

350 3959 576 4050 ordinario,
607 3960 752 4036 scilicet
781 3962 1039 4061 primigenio,
1067 3987 1148 4062 quo
1166 3963 1396 4085 Episcopus
1406 3967 1506 4041 solus
1534 3967 1641 4041 ordi·

322 4061 477 4135 ,narius
508 4076 565 4136 est
595 4062 872 4139 Beneficiorum
902 4064 1079 4141 collator.
1102 4067 1188 4158 Qua
1217 4069 1265 4142 de
1297 4091 1338 4143 re
1367 4068 1399 4141 si
1428 4068 1640 4167 Episcopus

331 4160 452 4237 intra
483 4178 633 4259 tempus
667 4161 951 4261 presentationi
979 4170 1165 4243 sancitum
1194 4168 1424 4247 Beneficium
1455 4173 1641 4264 conserat,

349 4281 396 4337 eo
420 4266 550 4361 elapso
572 4267 775 4344 sustinetur
800 4270 984 4361 collatio,
1015 4273 1106 4345 dum
1131 4273 1317 4349 Patronus
1343 4297 1547 4369 expresse,
1574 4274 1639 4352 vel

292 4430 294 4435 .
348 4366 465 4441 tacite
491 4369 527 4441 ei
557 4369 772 4461 adsentiat,
800 4388 966 4447 autnon
997 4374 1221 4473 refragetur.
1244 4379 1288 4451 ld
1316 4377 1418 4475 quod
1446 4379 1494 4451 de
1516 4376 1639 4451 colla·

347 4468 452 4616 done
473 4470 797 4618 Metropolitani
786 4497 828 4550 ιιι
839 4473 1052 4559 Beneficiis
1071 4477 1400 4579 suffraganeorum
1420 4501 1482 4561 ue
1493 4480 1636 4557 iutelli-

344 4641 351 4649 .
1560 4603 1630 4690 gas
