4034 5275
773 473 912 554 tiber
928 474 994 556 ΙΙ.
1009 476 1159 554 Titulus
1175 474 1267 554 m.
1608 496 1657 582 '13

384 592 425 682 itt
455 582 622 686 qualibet
658 580 879 661 Parachiali
914 583 1089 659 Ecclesia
1129 581 1318 680 generalis
1345 581 1596 680 Baptismus,
1641 588 1678 660 si

382 691 604 788 baptizandi
619 688 772 784 fuerint
799 689 934 783 pueri,
957 685 1191 779 celebretur3
1219 688 1309 760 dein
1337 685 1372 760 S.
1402 687 1562 773 Carolus
1592 689 1679 764 uota

382 817 480 869 rom.
499 796 537 868 in
552 796 646 892 Syn.
663 792 822 866 Mediol.
841 788 896 864 lV
917 793 1025 864 Part.
1040 789 1068 861 Ι
1072 790 1097 862 I
1107 788 1235 865 Coust.
1256 789 1301 865 de
1316 791 1514 886 Baptismo
1525 851 1536 883 ,
1548 789 1607 893 (*)
1635 802 1676 869 et

368 894 612 973 Benedictus
629 897 718 969 Xlll
735 896 774 968 in
792 894 884 990 Syn.
899 893 1014 966 Rom.
1029 890 1110 965 Tit.
1125 892 1169 965 Χ
1167 891 1254 966 XV
1251 892 1278 965 Ι
1287 910 1368 988 unp.
1389 917 1419 967 r.
1432 896 1531 968 Tum
1549 896 1676 971 Caere·

384 1003 553 1076 moniale
573 998 848 1096 Episcoporum
865 994 1020 1071 Lile
1029 992 1177 1096 capey
1196 996 1423 1093 praescribit,
1440 1020 1513 1072 uec
1529 1021 1598 1094 per
1617 1021 1675 1074 oc·

382 1115 426 1176 to
444 1105 527 1183 dies
544 1117 634 1178 ante
652 1101 802 1198 vigilias
820 1099 999 1189 Paschae,
1022 1114 1062 1172 et
1077 1098 1345 1190 Pentecostes,
1369 1100 1441 1173 uisi
1461 1102 1675 1196 periculum

384 1202 609 1295 immineat,
635 1204 799 1279 infantes
823 1199 1082 1299 baptizentur.·
1109 1203 1167 1276 Ac
1184 1203 1338 1277 demum
1358 1203 1512 1278 Rituale
1529 1204 1678 1279 Roma·-

384 1318 476 1382 num
494 1308 543 1383 de
557 1307 754 1403 Baptismo
768 1306 985 1381 adultorum
999 1320 1133 1378 monet
1147 1306 1286 1380 decere
1302 1306 1506 1409 hujusmodi
1518 1307 1675 1404 Raptis·

381 1431 474 1483 mum
496 1435 544 1485 ex
559 1410 780 1507 Apostolico
811 1413 1021 1497 instituto,
1049 1411 1086 1480 in
1101 1407 1275 1483 Sabbata
1290 1414 1435 1485 Sancto
1450 1410 1673 1504 Paschatis,

379 1517 445 1587 vel
463 1514 701 1588 Pentecostes
717 1512 945 1587 sollemniter
956 1508 1161 1586 celebrari,
1223 1540 1226 1545 ·
1286 1582 1292 1597 ,
1396 1584 1399 1593 λ
1669 1552 1674 1567 ·

390 1664 394 1676 -
434 1615 483 1690 V.
511 1617 598 1714 Jam
633 1633 727 1691 vero
761 1617 807 1690 iu'
823 1615 985 1689 laudatis
1003 1614 1052 1687 R.
1070 1613 1299 1690 Pontificum
1318 1613 1588 1691 Decretalibus
1621 1615 1674 1692 ab

378 1721 551 1819 generali
572 1720 704 1818 regula
736 1718 763 1791 ii
792 1718 1059 1817 excipiuntur,
1093 1718 1218 1816 quiin
1243 1718 1401 1809 mortis,
1423 1720 1674 1817 egritudinis,

381 1822 445 1894 vel
475 1822 663 1920 naufragii
680 1821 851 1917 periculo
869 1837 1093 1896 versantur:
1124 1843 1239 1918 quum
1265 1822 1381 1921 igitur
1403 1821 1590 1898 infantum
1612 1825 1673 1899 vi·

379 1935 421 1997 ta
449 1924 656 2022 inopinatis
685 1922 834 2000 casibus
848 1925 896 1998 sit
913 1923 1101 2012 obnoxia,
1117 1924 1281 1999 utnulla
1299 1926 1347 1998 de
1364 1929 1573 2002 eorundem
1591 1929 1678 2004 vitu

378 2028 563 2101 securitas
580 2026 714 2100 haberi
731 2026 849 2120 possit
864 2051 878 2117 3·
900 2026 991 2100 hinc
1007 2049 1055 2100 ex
1072 2043 1221 2101 vetusta
1236 2049 1384 2125 quoque
1399 2027 1672 2106 Ecclesiastica

381 2129 660 2203 consuetudine
690 2124 889 2216 obtinuit,
921 2144 962 2200 ut
996 2128 1118 2222 ipsis,
1152 2127 1436 2226 quamprimum
1467 2137 1676 2208 commode

361 2227 462 2303 lieri
496 2231 639 2328 possit,
664 2227 856 2323 baptisma
882 2228 1134 2304 conferretur.
1161 2231 1380 2329 Antiquitus
1401 2233 1579 2330 quidem,
1600 2235 1677 2311 uisi

378 2330 484 2407 aliud
507 2333 755 2430 postulaverit
775 2331 1006 2422 necessitas,
1028 2334 1068 2406 irr
1086 2334 1263 2428 proximo
1280 2335 1486 2427 Paschate,
1501 2340 1564 2412 vel
1579 2338 1670 2413 Peu-

377 2443 525 2511 tecoste
541 2433 835 2532 baptizabantur
850 2458 861 2524 ς
885 2434 1141 2534 uti-colligere
1161 2453 1218 2511 est
1236 2459 1283 2511 ex
1303 2441 1516 2538 Augustino
1530 2445 1678 2518 Sermo

381 2535 571 2627 ΜΘΗ,
593 2534 912 2616 etexAmbrosio
934 2538 991 2611 de-
1005 2538 1194 2635 -mysterio
1207 2540 1361 2619 Pasehae
1375 2540 1525 2637 Capsu
1548 2558 1587 2618 at
1610 2566 1679 2619 se·.

379 2640 506 2737 quotis
534 2637 773 2738 temporibus
791 2639 907 2714 satius
925 2642 1047 2714 visum
1066 2658 1123 2715 est
1149 2664 1224 2715 non
1242 2644 1306 2717 diu
1325 2642 1676 2742 predobaptismuut

379 2742 539 2819 differri.
557 2744 685 2852 -υηρς
703 2743 741 2816 in
758 2743 793 2816 ll
809 2742 902 2844 Syn.
919 2741 1029 2817 Prov.
1046 2745 1170 2840 Neap.
1189 2743 1265 2821 Tit.
1283 2746 1369 2823 ΙΙΙ
1379 2767 1459 2843 cap.
1476 2769 1499 2822 2
1530 2773 1672 2846 paren·

378 2859 437 2922 tes
452 2846 635 2941 jubentur
653 2845 756 2922 ultra
771 2842 1123 2925 octavumab-ortu
1141 2849 1245 2934 diem
1264 2850 1418 2929 infantis
1432 2851 1670 2948 Baptismum

380 2972 458 3023 nou
473 2949 652 3050 differre,
670 2948 905 3048 gravissimis
921 2950 959 3021 in
976 2949 1168 3024 Paroclros
1186 2953 1340 3026 sancitis
1355 2955 1496 3049 poenis,
1509 2978 1672 3057 quorum

380 3052 618 3154 negligentia
634 3048 837 3151 quisquam
853 3051 938 3125 siue
959 3049 1151 3149 baptismo
1164 3055 1389 3131 decesserit.
1573 3051 1576 3058 ’

447 3237 451 3256 '¹
577 3258 802 3357 Baptismus
817 3259 960 3331 nonnisi
982 3259 1020 3329 in
1035 3258 1210 3336 Ecclesia
1225 3260 1479 3354 conferendus.
1549 3287 1552 3296 ·

437 3462 475 3538 V
532 3458 815 3561 Antiquitus-in
845 3460 926 3536 sola
942 3457 1167 3537 Cathedrali
1178 3462 1352 3542 Ecclesia
1367 3468 1581 3567 Baptismus
1595 3474 1678 3551 sol·

382 3464 522 3743 &s
552 3560 919 3654 administrabatur,
952 3564 1066 3640 inea
1096 3567 1204 3655 enim,
1218 3575 1483 3648 tantummodo
1500 3579 1674 3674 amplum

407 3683 467 3741 sat
484 3668 754 3764 Baptisterium
785 3667 1008 3764 plerumque
1031 3682 1143 3742 extra
1165 3659 1377 3748 Ecclesiam
1398 3694 1682 3755 constructum·

384 3770 555 3865 Neapoli
571 3772 696 3844 adhuc
724 3783 847 3842 exstat
871 3790 995 3865 prope·
1006 3770 1147 3845 ueteris
1164 3770 1407 3851 Cathedralis
1424 3779 1611 3854 Ecclesiae-
1623 3784 1683 3858 sid

383 3886 466 3947 tum
484 3869 657 3947 Ecclesia
672 3871 710 3946 S.
725 3870 863 3969 Joauni
881 3889 990 3945 sacra
1006 3874 1184 3974 amplum
1203 3877 1240 3951 io
1261 3881 1389 3953 medio
1406 3878 1550 3956 habens
1576 3883 1679 3983 bap'·

382 3975 594 4066 tisterium,
609 3974 677 4047 ubi
690 3973 940 4069 Neapolitani
957 3977 1080 4049 sacris-
1091 3978 1206 4076 aquis
1221 3979 1485 4058 abluebantur.
1503 3989 1555 4061 At
1573 3988 1675 4062 mul·

383 4078 560 4173 tiplicato
585 4077 754 4151 fidelium
778 4078 1006 4151 numeroin
1034 4078 1369 4179 principalioribus
1385 4085 1588 4176 Ecclesiis,
1607 4088 1672 4167 vel

384 4201 506 4277 prope
521 4203 588 4255 eas
607 4178 828 4275 baptisteria
846 4179 1031 4254 aedificata
1064 4199 1286 4284 suut31quae
1319 4206 1522 4284 propterea
1535 4190 1675 4274 Eccle-

384 4282 450 4357 siae
470 4280 718 4381 baptismales
746 4281 860 4355 dictae
886 4286 1045 4365 suntad
1069 4286 1355 4364 distinctionem
1379 4291 1687 4388 Parachialium,·'

386 4408 471 4483 quae
502 4384 726 4482 baptisterio
752 4384 965 4475 carebant,
993 4385 1050 4461 uti
1082 4388 1482 4469 mortubservabimus
1496 4389 1574 4470 Tit.
1591 4399 1633 4473 X
1639 4397 1687 4473 t·-

352 4497 359 4508 '
387 4488 507 4565 Porro
531 4490 696 4587 sequutis
726 4484 992 4587 temporibus,
1020 4491 1079 4570 uti
1092 4493 1254 4576 Barochi
1276 4495 1688 4596 ordinaris-baptismii

411 4640 413 4645 -
486 4636 490 4646 ·
789 4605 795 4618 ·
1178 4593 1240 4670 Ba
1602 4599 1684 4682 ni:
