4034 5275
777 500 779 505 -
822 437 941 523 Liber
951 436 1013 520 ll.
1025 435 1176 518 Titulus
1192 438 1250 521 V.

373 564 525 629 vertere
542 557 719 650 prestat,
734 559 906 640 veterem
923 545 1259 641 Ecclesiamjnxta
1275 545 1463 646 Apostoli
1481 554 1673 637 monitum

369 656 453 731 iad
465 654 679 731 Timoth.V
699 675 735 728 v.
752 674 801 729 22
817 675 827 724 ε
846 649 990 725 Manus
1005 654 1085 725 cito
1105 652 1235 725 nemini
1256 652 1503 752 imposueris,
1537 657 1666 736 Cleri-

367 778 503 843 corum
539 759 664 857 potius
698 756 961 852 paucitatem,
998 774 1114 853 quam
1146 753 1431 832 multitudinem
1463 761 1663 862 studuisse,

367 882 483 958 quum
518 854 573 936 in⁴
590 883 730 960 magna
748 856 989 957 Clericorum
1017 856 1129 953 copia
1149 856 1213 930 vix
1236 878 1317 932 esse
1347 880 1568 960 nequeant,
1598 870 1663 966 qui

367 964 448 1038 otio
476 987 552 1040 non
575 977 823 1060 torpescant,
855 959 918 1035 vel
946 956 1187 1034 sacularibus
1215 962 1316 1034 curis
1344 984 1385 1037 se
1413 987 1489 1040 nou
1517 968 1661 1044 immis-

363 1084 492 1142 ceant.
523 1068 641 1141 Porro
674 1062 989 1159 ejusmodiiuisse
1008 1077 1181 1139 veterem
1201 1060 1384 1139 Ecclesia
1413 1068 1659 1167 disciplinam

365 1168 539 1264 pluribus
572 1170 778 1247 evincitur·
1298 1210 1302 1218 ·
1698 1212 1702 1218 ·

418 1273 478 1347 Ac
497 1297 512 1345 1
534 1273 588 1347 uti
606 1269 725 1347 Libro
751 1294 792 1345 su
797 1290 878 1366 per.
894 1266 976 1344 Tit.
991 1267 1035 1341 X
1036 1267 1079 1341 X
1084 1267 1110 1342 I
1115 1265 1164 1340 V
1162 1270 1251 1361 2jam
1267 1273 1526 1365 ostendimus,
1540 1300 1656 1372 quum

363 1375 571 1473 antiquitus
606 1375 711 1450 nefas
740 1373 853 1448 suerit
881 1372 1055 1447 Clericus
1086 1373 1267 1446 ordinare
1283 1372 1468 1452 Ecclesiae
1500 1380 1657 1476 alicujus

362 1476 575 1552 ministerio
608 1500 684 1553 uon
718 1477 960 1572 adscriptos,
994 1474 1089 1548 illud
1116 1497 1207 1548 sane
1230 1475 1269 1548 in
1298 1500 1404 1553 more
1422 1496 1528 1572 erat,
1550 1500 1589 1557 ut
1616 1485 1657 1560 in

361 1577 519 1676 singulis
539 1579 723 1656 Ecclesiis
740 1580 892 1655 nonnisi
911 1578 1070 1677 singuli,
1089 1577 1219 1652 vel-ad
1237 1601 1427 1656 summum
1448 1580 1530 1657 bini
1553 1609 1657 1661 cons·

361 1679 589 1758 tituerentur
608 1682 855 1778 Presbyteri,
885 1679 1032 1756 Clerici
1050 1702 1142 1754 vero
1161 1679 1360 1757 inferiores
1379 1685 1443 1758 vix
1461 1710 1573 1779 unos,
1590 1705 1659 1766 aut

360 1782 472 1860 alter.
490 1788 546 1862 lta
561 1785 683 1861 Cone.
697 1785 841 1860 Sardio.
855 1782 949 1858 Cau.
962 1803 1029 1872 ut,
1046 1781 1166 1858 Cone.
1176 1782 1425 1883 Carthagili
1440 1786 1534 1864 Can.
1552 1813 1654 1866 unu.

438 1889 536 1964 'l'um
559 1910 580 1962 2
601 1911 649 1962 ex
681 1887 895 1963 Pontificali
919 1888 1096 1961 Romano
1127 1888 1296 1961 Damaso
1328 1887 1481 1967 tributo
1504 1909 1655 1985 constat

358 2005 509 2064 veteres
526 1989 574 2064 R.
590 1992 792 2064 Pontifices
818 1991 915 2064 adeo
949 2012 1065 2084 parce
1084 1986 1334 2086 Presbyteros
1349 2047 1360 2081 ,
1378 1992 1444 2068 ‘vel
1461 1996 1657 2073 Diaconos

351 2093 582 2176 ordinasse,
616 2108 659 2165 ut
693 2098 879 2178 centum,
912 2106 952 2163 et
983 2090 1257 2192 quinquaginta
1304 2114 1492 2170 annorum
1538 2098 1655 2174 inter·

310 2218 313 2226 ·
358 2193 464 2267 vallo
479 2194 528 2269 ab
545 2194 730 2290 tredecim
750 2196 795 2269 R.
812 2190 1060 2267 Pontificibus
1078 2192 1143 2265 vix
1161 2207 1346 2284 centum,
1378 2214 1418 2271 et
1439 2221 1585 2290 uuum,
1607 2223 1656 2278 ac

356 2296 633 2396 quinquaginta
649 2295 923 2393 Presbyteros,
949 2296 1142 2372 Diaconos
1160 2315 1253 2369 vero
1271 2302 1479 2398 nonaginta
1498 2304 1655 2380 ordina-

356 2410 416 2471 tos
435 2400 618 2476 invenias.
644 2401 720 2489 Qui
736 2400 889 2497 quidem
906 2400 996 2472 licet
1013 2399 1172 2473 omniuo
1188 2399 1263 2472 rari
1281 2401 1502 2497 videantur3
1521 2421 1653 2484 tamen

355 2498 521 2576 irenaeus
540 2504 576 2575 in
593 2503 769 2575 Romana
784 2501 958 2576 Ecclesia
987 2524 1054 2576 sua
1072 2516 1183 2575 aetate
1201 2500 1417 2599 frequentes
1434 2506 1546 2582 fuisse
1561 2509 1652 2585 Cle-

356 2602 459 2679 ticos
491 2604 649 2680 scribit:
682 2602 770 2679 Lib.
786 2604 811 2676 Ι
815 2601 841 2675 Ι
845 2602 869 2674 Ι
879 2617 1011 2677 contro
1038 2601 1197 2678 hereses
1226 2606 1327 2699 apud
1346 2605 1582 2684 Cotelerium
1612 2615 1654 2686 iu

351 2702 549 2784 Vindiciis
579 2708 708 2803 Epist.
736 2707 782 2779 S.
810 2706 953 2802 lguutii
983 2724 1065 2800 cup.
1089 2728 1148 2804 13.
1178 2705 1362 2803 Adposite
1395 2710 1650 2788 Bellarmiuus

354 2806 394 2879 in
415 2808 536 2905 Epist.
566 2813 615 2885 ad
647 2833 755 2884 suum
778 2810 972 2905 Nepotem
991 2807 1119 2903 Episc.
1136 2808 1396 2884 Teanensem:
1424 2812 1525 2890 Haet
1547 2830 1650 2893 certe

350 2917 532 3004 paucitas
556 2929 741 2989 tantorum
761 2909 978 3003 Pontificum
1008 2908 1158 2985 deberet
1188 2934 1305 2986 outues
1321 2912 1526 3012 Episcopus
1549 2923 1653 2996 setis

354 3013 571 3105 admouere,
602 3018 803 3092 utuuuuisi
817 3017 922 3087 viros
945 3012 1072 3087 doctos
1090 3070 1101 3103 ,
1126 3010 1291 3109 probos,
1321 3031 1360 3090 et
1376 3043 1416 3093 eo
1431 3021 1553 3116 gradu
1571 3022 1650 3121 dig·

354 3140 417 3192 uos
435 3120 645 3216 eligerent,
673 3120 767 3216 quod
789 3122 928 3191 omuino
952 3114 1157 3209 facerent,
1185 3118 1220 3191 si
1246 3117 1409 3199 decorem
1426 3122 1551 3199 domus
1568 3124 1651 3200 Dei·

353 3239 402 3291 ex
421 3225 539 3296 auimo
560 3222 774 3314 diligerent.
1335 3218 1341 3230 ¹

407 3345 441 3421 3·
458 3323 494 3397 S.
512 3328 592 3400 Leo
608 3326 664 3397 M.
680 3325 811 3413 Epist.
828 3322 881 3395 ud
894 3319 1019 3413 After
1035 3321 1318 3398 LXXXVII
1328 3345 1411 3423 cup.
1434 3351 1449 3403 1
1476 3333 1645 3409 referens

354 3420 449 3498 illud
464 3430 497 3503 A
501 3424 821 3524 postolis'Muuu's
836 3425 969 3499 uemiui
984 3430 1060 3499 cito
1093 3428 1309 3520 imposueris
1327 3485 1338 3519 ,
1366 3454 1475 3528 utque
1492 3456 1647 3511 courum·

352 3508 543 3604 uicaoiris
566 3531 737 3625 peccatis
765 3527 925 3616 alienis,
956 3550 1031 3625 qua
1059 3529 1225 3601 maxima
1247 3548 1373 3625 potest
1404 3549 1484 3609 tum
1510 3520 1643 3633 animi,

354 3640 435 3702 tum
453 3635 636 3708 orationis
647 3631 899 3706 contentione
912 3628 1323 3725 Episcoposadmonet
1338 3694 1349 3728 ,
1380 3660 1428 3711 ne
1461 3656 1549 3717 aute
1564 3666 1645 3717 mu·

353 3736 549 3809 toritatem
565 3737 723 3822 aetatis,
753 3747 841 3805 aute
857 3748 996 3825 tempus
1012 3738 1218 3823 examinis,
1250 3739 1337 3811 aute
1354 3744 1520 3815 muitum
1538 3745 1646 3819 labo·

353 3835 440 3924 tis,
467 3853 555 3913 aitte
584 3836 849 3933 experientiam
871 3836 1081 3930 discipltnae
1097 3835 1380 3913 Sacerdotaletu
1397 3843 1560 3918 hunnorum
1573 3837 1653 3921 'tii‘

355 3931 470 4016 buere'
498 3943 676 4017 audeaut.
700 3933 783 4041 (**)
800 3937 852 4010 At
875 3938 959 4010 haec
978 3936 1149 4032 Epistola
1176 3956 1359 4036 suspecta
1385 3943 1643 4027 lideividetur

354 4036 521 4119 Berardo
547 4049 585 4117 iu
602 4044 715 4117 Grat.
732 4041 776 4114 P.
794 4040 821 4112 I
827 4039 853 4113 Ι
876 4060 959 4136 cop.
975 4035 1103 4141 42.(*)
1138 4040 1314 4117 Profecto
1348 4045 1413 4119 ubi
1444 4053 1653 4151 haec-„prae

353 4146 473 4219 oculis
502 4145 689 4221 haberent
706 4142 916 4240 Episcopi,
950 4166 1030 4219 non
1045 4144 1143 4231 adeo
1163 4145 1377 4243 frequentes
1405 4151 1535 4226 otis-sis
1553 4157 1641 4232 Cle·

353 4246 442 4320 sicis
460 4249 657 4325 Dioeceses
674 4264 819 4340 essent,
838 4267 958 4343 neque
973 4245 1147 4349 Ecclesia
1176 4247 1337 4323 haberet
1355 4305 1367 4341 ,
1393 4253 1492 4329 unde
1509 4257 1653 4354 que're'll

352 4365 457 4427 retus
472 4353 520 4425 de
538 4350 791 4447 multiplicata
802 4349 955 4447 quidem
972 4365 1105 4447 gente,
1119 4363 1194 4423 no'n
1206 4351 1510 4458 dri-magnificata
1523 4353 1653 4451 simul*

353 4451 504 4530 laetitia:
518 4454 556 4529 S.
568 4454 783 4531 Beruardus
797 4454 842 4527 de
854 4449 1030 4534 Couvett·
1048 4449 1212 4631 athle'r.
1229 4451 1323 4550 Cup.
1342 4476 1405 4552 29.
1422 4462 1434 4500 ’-
1450 4463 1505 4512 ‘³1³'
1556 4467 1625 4510 ¹·³¹='
1648 4479 1653 4500 ²

446 4594 456 4608 ,
1134 4573 1157 4626 2
1470 4571 1476 4583 ’
1545 4564 1638 4661 Syn.
