4034 5275
592 561 597 572 ,
703 515 705 520 ·
745 480 866 560 Liber
881 480 947 560 11.
963 479 1113 559 Titulus
1129 480 1172 573 Χ
1176 480 1263 563 W.
1541 505 1624 588 2143

346 587 389 672 iu
426 585 504 665 suis·
523 586 797 678 Monasteriis,
822 587 892 661 nisi
920 588 1041 686 longe
1059 586 1109 662 ab
1135 587 1192 661 eis
1216 585 1374 678 absint,
1403 603 1471 660 eos
1494 587 1646 667 humari

344 692 407 786 jus
424 709 506 766 est:
540 692 633 787 Cap.
651 711 671 785 5
690 690 809 766 eodem
826 693 865 763 in
877 687 925 762 V
927 691 953 764 l
955 745 966 780 ,
995 705 1076 763 tum
1106 690 1222 764 etiarn
1239 688 1484 785 impuberes,
1513 691 1647 786 quibus

339 815 470 893 quum
502 796 646 868 nonsit
669 794 831 868 facultas
855 791 1050 882 testandi,
1077 815 1197 889 neque
1216 792 1374 866 facultas
1402 805 1459 865 est
1477 790 1646 888 eligendi

342 896 608 994 sepulturam3
629 899 695 970 sed
707 897 818 970 Pater
835 894 889 969 eis
906 894 1026 992 eliget
1039 949 1052 982 ,
1067 895 1098 967 si
1116 895 1156 967 id
1170 895 1406 968 consuetudo
1423 895 1540 984 ferat3
1556 898 1649 972 alias

341 994 391 1079 in
426 998 600 1074 Ecclesia
633 997 875 1087 Parochiali,
909 999 973 1071 vel
1003 997 1042 1071 in
1065 999 1256 1090 Majorum
1292 996 1477 1092 sepulcris
1514 1018 1646 1074 eorum

339 1101 548 1177 cadavera
578 1101 805 1175 condantur.
1284 1124 1290 1132 ·

346 1267 350 1274 .
396 1204 491 1279 ΧΗ.
519 1205 607 1303 Jure
634 1203 830 1279 communi
854 1202 1011 1301 antiquo
1025 1201 1208 1278 Ecclesia
1241 1203 1425 1279 duntaxat
1440 1205 1647 1282 Parochia-

338 1302 409 1379 les
425 1306 510 1403 loca
528 1314 636 1382 erant
654 1307 842 1382 Fidelium
860 1306 1114 1381 inhumationi
1130 1305 1340 1380 destinata:
1366 1328 1438 1380 nec
1454 1306 1548 1382 alibi
1562 1310 1648 1406 quis

339 1409 510 1504 sepeliri
530 1425 692 1506 poterat.
713 1408 830 1484 Porro
851 1431 1027 1483 successu
1044 1409 1227 1504 temporis
1243 1450 1258 1495 ,·
1279 1408 1390 1482 sicuti
1406 1408 1584 1483 fidelibus
1599 1413 1647 1487 fa

339 1511 477 1585 cultas
495 1511 570 1586 sibi
584 1512 752 1610 eligendi
771 1511 1033 1608 sepulturam,
1066 1511 1181 1591 etiam
1198 1526 1305 1585 extra
1323 1509 1567 1586 Parochiales
1581 1512 1649 1586 Ec·

339 1613 490 1706 clesias
517 1636 698 1690 concessa
727 1629 784 1688 est
802 1670 813 1704 ,
844 1613 907 1687 ita·
930 1636 1079 1710 quoque
1095 1614 1178 1686 aliis
1195 1613 1291 1687 locis
1308 1612 1496 1710 religiosis
1506 1616 1568 1705 jus
1585 1615 1647 1687 in-

339 1715 586 1792 humationis
614 1716 770 1816 elargiri
799 1715 996 1811 oportuit,
1023 1716 1136 1813 idque
1162 1718 1246 1808 jure
1274 1715 1459 1811 speciali,
1490 1716 1571 1790 sive
1599 1739 1647 1793 ex

339 1818 568 1918 privilegio.
587 1819 733 1894 Verum
751 1817 995 1915 privilegium
1013 1821 1088 1893 hoc
1107 1820 1373 1892 tantummodo
1396 1821 1456 1910 jus
1472 1819 1646 1896 inhuma-

338 1920 466 1994 tionis
496 1938 669 2018 spectat,
692 1922 792 1996 haud
809 1943 900 1996 vero
919 1919 1126 2017 Exsequias
1143 1975 1155 2008 ,
1185 1945 1266 2018 quae
1286 1921 1485 2010 Paroch0,
1506 1939 1552 1994 >et
1569 1922 1647 1998 Ec-

336 2023 477 2096 clesiae
504 2024 719 2097 Parochiali
754 2045 830 2096 uon
862 2038 1064 2096 censentur
1093 2024 1266 2096 ademtae.
1296 2021 1558 2111 Quamobrem
1598 2047 1646 2099 ex

339 2123 508 2199 decreto
525 2122 977 2222 Sacr.Congr.Concilii,
991 2124 1083 2197 licet
1100 2124 1298 2198 defunctus
1315 2125 1363 2197 ad
1383 2124 1517 2213 aliam,
1530 2148 1646 2221 quam

334 2227 401 2300 ad
418 2227 679 2302 Parochialem
694 2226 909 2302 Ecclesiam
927 2227 1154 2300 deferendus
1168 2227 1217 2299 sit
1235 2281 1247 2316 ‚
1275 2223 1392 2300 debet
1410 2242 1540 2300 tamen
1556 2239 1647 2323 pro*

347 2329 456 2424 prius
475 2330 665 2415 Parochus
692 2329 900 2418 advocari,
929 2350 1001 2403 nec
1019 2330 1184 2403 cadaver
1212 2328 1234 2402 ὲ
1255 2331 1371 2402 domo
1393 2329 1647 2423 educendum,

346 2446 557 2529 antequam
577 2429 839 2506 Parochialem
868 2432 1062 2527 acceperit
1084 2427 1406 2506 benedictionem.
1421 2432 1646 2522 Quinimmo

347 2530 390 2604 in
410 2530 578 2620 Galliis,
609 2532 765 2628 aliisque
792 2531 964 2605 finitimis
989 2532 1209 2628 regionibus
1238 2533 1330 2606 illud
1356 2535 1472 2607 moris
1489 2554 1572 2621 est,
1601 2554 1644 2611 ut

350 2637 520 2709 cadaver
550 2633 653 2732 prius
683 2635 733 2709 ad
751 2631 965 2714 Ecclesiam
985 2633 1251 2708 Parochialem
1275 2635 1493 2727 deleratur,
1517 2637 1645 2735 ibique

349 2735 579 2837 Exsequiae,
611 2760 658 2812 ac
690 2736 905 2834 prasertim
918 2734 1039 2811 Missa
1067 2736 1250 2811 funeralis
1267 2734 1508 2826 celebretur,
1539 2744 1645 2818 etsic

351 2839 442 2914 dein
472 2843 521 2915 ad
542 2840 758 2915 Ecclesiam
794 2840 926 2919 electa
958 2840 1161 2936 sepulturae
1190 2840 1444 2935 adsportetur.
1472 2840 1522 2914 Et
1554 2866 1644 2921 sane

352 2964 498 3041 aquom
521 2944 699 3033 videtur,
728 2958 769 3017 ut
792 2943 892 3015 filius
908 2943 1053 3017 mundo
1070 2943 1292 3043 demigrans
1313 2957 1478 3020 matrem
1505 2946 1670 3039 saltem,

350 3060 556 3143 agnoscat,
572 3059 655 3143 quae
672 3066 759 3120 cum
777 3066 844 3119 suo
862 3043 963 3119 lacte
980 3045 1103 3141 pavit.

391 3150 509 3221 xlii..
530 3148 718 3221 Praeterea
754 3169 870 3245 quum
909 3146 994 3221 aliis
1016 3145 1200 3222 Ecclesiis
1230 3161 1368 3247 prater
1398 3149 1642 3227 Parochiales

349 3250 501 3323 nonnisi
528 3252 588 3341 jus
615 3251 887 3325 inhumationis
912 3272 961 3322 ex
992 3250 1197 3346 privilegio
1226 3250 1411 3324 tributum
1439 3253 1514 3340 sit,
1551 3256 1642 3330 hinc
1732 3265 1735 3273 '

347 3347 592 3443 oblationes,
613 3353 761 3450 aliaque
784 3352 985 3426 occasione
1006 3351 1207 3445 sepulturae
1231 3351 1306 3424 illis
1323 3351 1506 3425 Ecclesiis
1530 3357 1640 3431 relic·

347 3464 385 3526 ta
416 3450 491 3527 non
517 3477 674 3567 prorsus
706 3456 840 3529 iisdem
875 3452 1131 3551 adrogando,
1156 3452 1224 3526 sed
1257 3456 1468 3528 eorundem
1502 3458 1639 3536 saltem

345 3576 435 3649 pars
452 3558 577 3655 aliqua
598 3558 790 3635 Parochiae
806 3554 986 3647 debetur,
1002 3556 1149 3631 scilicet
1164 3554 1297 3645 tertia,
1319 3558 1381 3632 vel
1399 3573 1533 3655 quarta
1556 3584 1640 3635 rna·

338 3657 424 3749 jor,
445 3674 510 3731 aut
533 3659 658 3732 minor
680 3682 749 3753 pro
765 3661 938 3733 locorum
970 3659 1261 3733 consuetudine:
1273 3657 1393 3755 Capi
1409 3716 1421 3750 ,
1439 3682 1486 3749 2,
1501 3662 1542 3751 8,
1558 3679 1596 3739 rt
1611 3688 1641 3762 9

341 3757 385 3835 de
400 3759 635 3853 Sepulturis.
663 3759 816 3849 Quanta
839 3783 931 3833 vero
961 3783 1109 3858 cunque
1140 3766 1221 3835 haee
1239 3762 1353 3837 suerit
1382 3764 1527 3857 portio,
1546 3788 1636 3860 sem·

342 3882 412 3955 per
439 3866 566 3935 tamen
591 3858 739 3935 nomen
758 3875 905 3957 quartae
939 3863 1106 3955 retinet3
1139 3865 1244 3939 dicta
1263 3864 1383 3960 ‘vulgo
1411 3864 1565 3960 Quarto
1575 3869 1639 3959 fir·

343 3987 492 4054 nerum,
522 3962 778 4057 funeralium,
807 3979 1058 4054 mortuorum,
1090 3967 1154 4041 vel
1179 3965 1425 4060 parochialis.
1462 3966 1637 4048 Ecclesia

342 4066 495 4163 quidem
513 4070 704 4164 nunquam
724 4090 799 4140 noo
818 4066 1056 4163 improbavit
1079 4070 1318 4142 exactionem
1343 4090 1414 4162 pro
1430 4074 1636 4165 sepultura

338 4172 439 4242 uude
455 4167 576 4268 Greg.
594 4170 653 4241 M.
665 4167 752 4244 Lib.
762 4166 810 4241 V
808 4168 858 4245 ll
869 4171 1045 4245 Indictta
1067 4188 1123 4265 ep.
1141 4171 1188 4262 56
1209 4170 1380 4269 graviter
1400 4173 1448 4243 de
1468 4180 1638 4268 quodam-

336 4265 533 4368 Episcopo
560 4272 833 4368 conqueritur,
862 4273 964 4370 quod
994 4294 1064 4366 pro
1089 4273 1281 4368 sepultura
1310 4289 1462 4346 centum
1491 4278 1633 4351 solidos

336 4373 489 4470 exigere
520 4398 597 4447 uon
621 4373 832 4449 erubuerit(
854 4373 1030 4447 Eandem
1061 4376 1407 4459 consuetudinem,
1436 4398 1547 4469 quam
1583 4380 1633 4451 il-

334 4472 618 4571 licitamossbid,
636 4475 710 4573 Ep.
733 4500 762 4575 4
789 4491 918 4580 uocat„
934 4472 1172 4576 Gregorius,
1202 4475 1458 4578 reprobarunt
1482 4501 1631 4578 quoque
1675 4503 1682 4518 ··

398 4620 400 4625 -
1570 4604 1631 4656 se-
