4034 5275
669 511 848 593 Liber
877 515 933 594 II.
964 516 1118 592 Titulus
1144 516 1188 590 Χ
1186 515 1288 591 Χ
1513 538 1594 621 203

336 615 386 691 li
390 612 489 693 Sede
507 566 703 710 vacante,
729 620 800 692 nisi
824 642 971 717 quumJ
955 624 1041 713 jura
1068 618 1537 738 Episcopalialaedaritum
1562 627 1616 701 uti

333 719 523 795 innuimus
555 741 633 816 sup.
667 718 756 794 Lib.
789 720 921 797 [Tit.
952 719 1110 811 XXV,
1142 724 1282 820 quippe
1315 726 1415 839 quod
1450 749 1503 800 ea
1542 747 1616 823 poe

325 834 445 898 testas
471 823 530 899 ad
544 823 877 941 jurisdictionem,
898 837 979 922 quae
1007 826 1057 898 ad
1085 823 1307 920 Capitulum
1330 831 1481 902 mortuo
1502 828 1613 924 Epis

327 946 427 1021 copo
449 927 700 1017 transfertur,
727 926 934 1022 pertinent.
952 926 1191 1023 4Beneficia
1218 943 1439 1025 resertata,
1462 946 1501 1002 et
1523 930 1610 1007 Sedi

318 1024 558 1124 Apostolicae
587 1030 737 1103 adlecta
768 1043 917 1104 vetatur
946 1028 1177 1148 Episcopus
1190 1029 1325 1120 unire,
1356 985 1610 1127 peculiaribus

325 1127 551 1226 quibusdam
580 1131 729 1205 casibus
752 1133 946 1227 exceptist
975 1133 1030 1205 uti
1056 1131 1094 1203 in
1123 1132 1397 1228 conjungendis
1425 1133 1608 1211 Ecclesiis

313 1233 466 1310 curatis
497 1249 653 1328 propter
668 1233 799 1309 earum
831 1250 1119 1330 paupertatem,
1144 1248 1183 1308 et
1210 1234 1247 1305 in
1270 1235 1519 1312 adnectendis
1532 1239 1611 1315 Be·-

316 1334 467 1413 neficiis
485 1333 750 1430 simplicibus,
769 1336 829 1409 vel
847 1335 1064 1410 Seminariis
1080 1335 1168 1426 ,vel
1183 1333 1496 1428 Cathedralibus,
1511 1343 1610 1416 aliis·
1639 1335 1659 1421 ’,

321 1457 394 1533 que
412 1434 637 1533 collegiatis
653 1435 873 1532 insignibus
893 1459 913 1530 5
931 1438 1118 1512 Beneficia
1135 1453 1303 1526 exemta,
1323 1453 1362 1510 et
1378 1440 1465 1513 Sedi
1481 1442 1608 1537 Apos-

319 1539 447 1615 tolicae
475 1537 695 1615 immediate
724 1539 892 1632 subjecta
922 1542 1030 1614 unire
1055 1561 1130 1612 non
1160 1539 1250 1613 licet
1273 1538 1498 1636 Episcopist
1527 1543 1607 1618 Cn-

307 1643 393 1733 pir.
426 1643 449 1714 8
483 1639 528 1714 de
560 1635 717 1718 Excerr.
749 1640 912 1718 Praelat.
948 1641 973 1716 6
1003 1641 1169 1718 Demum
1210 1657 1345 1715 caveat
1383 1642 1607 1764 Episcopus,

320 1761 370 1816 ne
386 1742 576 1818 Beneficia
595 1745 700 1819 uniat
722 1764 860 1818 mensae
885 1743 1106 1840 Episcopali
1128 1758 1285 1840 propter
1307 1740 1405 1820 lucri
1424 1748 1606 1844 suspicio·

262 1921 264 1923 ,
320 1845 437 1935 uern,
463 1866 536 1946 qua
557 1867 715 1922 ommno
731 1869 910 1922 rmmunrs
933 1863 981 1921 stt
997 1861 1172 1944 oportet
1200 1844 1375 1924 crement.
1387 1851 1446 1926 II
1461 1849 1505 1923 de
1526 1849 1606 1926 Re·

316 1936 388 2027 bus
411 1900 595 2022 vIr'cclerice
616 1973 683 2021 non
710 1951 1116 2029 alienandis..

324 2050 436 2129 ¹·Xl.
462 2051 690 2124 Postremo
674 2074 734 2142 Jus
763 2051 1061 2146 Neapolitanum
1082 2051 1183 2148 quod
1205 2062 1380 2146 spectat,
1398 2055 1508 2144 Juvat
1535 2054 1600 2130 hic

319 2153 451 2246 paucis
466 2153 773 2228 animadvertere
781 2152 994 2250 Regentem
1009 2152 1204 2226 Villanum
1220 2153 1312 2227 olim
1323 2153 1484 2251 Regium
1500 2154 1602 2229 Cen
1703 2226 1706 2231 ι

317 2273 446 2329 sorem
471 2258 547 2330 duo
576 2250 744 2349 synodi
751 2255 983 2330 Tridentinae
1011 2255 1140 2351 capita
1172 2254 1271 2328 inter
1300 2256 1444 2374 reliqua
1474 2257 1600 2355 Regni

288 2394 298 2399 ·
306 2350 595 2453 Neapolitani
585 2357 766 2434 mstitntis
781 2359 969 2448 adversa,
997 2359 1046 2430 ad
1074 2379 1153 2431 rem
1171 2380 1243 2453 qua
1265 2357 1313 2430 de
1330 2362 1476 2456 agimus
1493 2382 1601 2457 spec·

317 2460 465 2550 tentia,
491 2462 748 2535 recensuisse·
768 2459 960 2533 nimirum
987 2458 1079 2553 Gap.
1102 2458 1127 2531 6
1158 2457 1371 2550 Reformnt.
1396 2461 1503 2536 Sesr.
1521 2483 1600 2554 νιι,

315 2573 354 2634 et
389 2559 485 2659 Cap.
519 2561 787 2660 9Reformat.
815 2561 922 2633 Serr.
954 2578 1056 2630 m.
1091 2559 1261 2632 Primum
1295 2563 1442 2635 scilicet
1469 2585 1514 2635 ea
1549 2565 1599 2639 de

315 2684 455 2755 causa,
483 2666 586 2763 quod
606 2688 721 2764 quom
742 2663 901 2740 uniones
923 2659 1232 2734 Beneficiorum
1222 2677 1321 2735 rntra
1349 2666 1600 2762 quadraginta

285 2828 287 2832 ,
317 2786 437 2841 annos
464 2770 584 2843 factas
614 2764 665 2843 ab
696 2765 913 2843 Ordinariis
943 2765 1069 2837 denuo
1094 2762 1365 2837 examinandas
1389 2768 1601 2846 decernens

319 2871 531 2965 generatim
558 2872 758 2967 loquatur,
777 2866 987 2942 Beneficia
998 2866 1123 2961 etiam·
1138 2866 1454 2961 jnrispatronatus
1482 2868 1602 2944 laico-

277 3062 281 3066 ·
317 2987 403 3044 rnm
429 2973 580 3046 videtur
604 2971 841 3066 complecti,
867 2966 1001 3067 quibus
1015 2956 1121 3042 tueri
1147 2970 1231 3058 jura
1254 2969 1373 3043 semel
1397 2993 1464 3065 per
1488 2974 1601 3048 ιιιιιο···Ι
1672 2977 1675 2981 ’

321 3080 411 3147 nem
431 3075 586 3171 quaesita
603 3073 708 3171 regia
725 3073 850 3147 studet
864 3072 1046 3145 Potestas.
1055 2992 1241 3144 AlteJrum
1258 3093 1350 3146 vero
1367 3095 1437 3193 pro
1454 3096 1498 3147 ea
1517 3098 1602 3170 par·.

321 3186 387 3263 te,
402 3200 475 3271 qua
493 3176 685 3263 decernit,
702 3192 743 3250 ut
761 3174 1010 3249 discutiantur
1027 3176 1251 3249 accessiones
1265 3171 1332 3269 per
1347 3178 1450 3248 viam
1465 3181 1604 3251 unionis

303 3276 448 3372 factis
464 3278 507 3351 de
523 3230 708 3370 beneflciis
724 3277 854 3353 liberis
871 3276 923 3347 ad
938 3274 1165 3346 Ecclesiar
1141 3280 1468 3369 Jurirpatrnuatur
1488 3282 1603 3351 etiam

322 3378 512 3459 laicorum
521 3379 722 3493 subjectas.
740 3377 944 3451 Adeundus
960 3396 1059 3469 saepe
1074 3373 1247 3447 laudatus
1264 3374 1345 3448 Vir.
1363 3373 1423 3448 Cl
1441 3374 1601 3454 Carolus

321 3477 555 3683 quliards
573 3481 668 3585 ibid.
690 3506 725 3553 ιι.
743 3479 817 3567 26,
845 3478 944 3551 etin
964 3473 1268 3549 lnsritutionibus
1292 3474 1371 3550 Tit.
1392 3476 1515 3551 VIn.
1540 3506 1605 3580 31.

299 3604 301 3606 ·
375 3577 457 3684 (**)
484 3504 590 3659 lib.
590 3587 631 3656 ln
653 3534 872 3677 Hispaniaj
874 3600 935 3653 am
962 3578 1064 3652 olim
1078 3577 1290 3651 interdictae
1312 3580 1458 3654 fuerant
1485 3580 1605 3658 Bene·

320 3631 525 3774 boiorum,
548 3701 586 3758 et
603 3683 899 3757 Praebendarum
917 3681 1100 3769 uniones,
1119 3701 1173 3752 eae
1192 3681 1397 3769 nimirum,
1419 3706 1501 3779 quae
1518 3685 1601 3761 fieri

319 3777 599 3864 consueverant
616 3788 686 3880 per
708 3783 1030 3878 suppressionem,
1047 3780 1109 3855 vel
1125 3782 1418 3872 extinctionem,
1436 3786 1496 3857 vel
1514 3793 1602 3880 proi

271 3977 276 3986 ⁵
320 3889 408 3983 'pria
432 3888 698 3982 Capitulorum
726 3886 975 3967 auctoritate:
1005 3899 1046 3956 ut
1075 3884 1113 3956 in
1140 3883 1231 3978 Syn.
1253 3884 1376 3959 Tolet.
1404 3908 1467 3959 an.
1502 3909 1602 3985 1324

323 3988 420 4084 Cup.
447 3988 543 4077 III,
575 3988 637 4063 vel
660 3988 764 4062 Sedis
794 3984 1025 4081 Apostolicre
1050 3985 1357 4082 dispensatione;
1385 4003 1425 4061 ut
1455 3988 1492 4060 in
1525 3991 1604 4066 Ie

322 4111 373 4187 ge
401 4045 598 4167 XXVIII
622 4088 699 4163 Tit.
727 4087 798 4164 III
821 4086 911 4163 Lib.
936 4084 964 4161 I
985 4084 1112 4160 Nouae
1138 4086 1271 4181 Recup:
1293 4087 1455 4187 Atquia
1480 4089 1601 4169 Bene·

325 4192 497 4268 ficiorum
520 4194 676 4267 uniones
701 4191 921 4266 necessaria
946 4211 1102 4285 prorsus
1131 4189 1168 4261 in
1193 4187 1367 4264 omnibus
1390 4215 1496 4288 paene
1512 4196 1603 4270 His·

325 4295 524 4392 paniarum
555 4293 735 4368 Ecclesiis
757 4299 833 4387 jam
863 4295 1081 4380 evaserint,
1111 4289 1292 4388 Episcopi
1318 4292 1342 4366 i
1371 4297 1478 4389 Supr.
1504 4296 1603 4371 Cas.

319 4396 425 4475 ‚tel-la
452 4396 590 4472 Senatu
615 4395 802 4470 admoniti
824 4394 1081 4489 per,Litteras
1103 4393 1319 4489 encyclicas
1343 4395 1405 4468 die
1434 4409 1485 4469 ιι·
1500 4400 1602 4494 Junii
1639 4453 1643 4466 .

325 4497 537 4599 an...‚r769.,
558 4500 770 4599 iterumque
788 4519 855 4574 an.
880 4516 1011 4595 1777,
1031 4494 1074 4576 in,
1091 4497 1310 4595 peragenda
1329 4494 1604 4576 Beneficiorum

331 4629 341 4674 ι
373 4598 476 4677 I'om.
501 4597 560 4677 II.
1169 4620 1196 4675 r.
1502 4601 1623 4671 omo-
