<?xml version="1.0" encoding="UTF-8"?>
<!DOCTYPE html PUBLIC "-//W3C//DTD XHTML 1.0 Transitional//EN"
    "http://www.w3.org/TR/xhtml1/DTD/xhtml1-transitional.dtd">
<html xmlns="http://www.w3.org/1999/xhtml" xml:lang="en" lang="en">
 <head>
  <title>
</title>
<meta http-equiv="Content-Type" content="text/html;charset=utf-8" />
  <meta name='ocr-system' content='tesseract 3.04.00' />
  <meta name='ocr-capabilities' content='ocr_page ocr_carea ocr_par ocr_line ocrx_word'/>
</head>
<body>
  <div class='ocr_page' id='page_1' title='image "./institutionumca00selvgoog_0138.png"; bbox 0 0 4034 5275; ppageno 0'>
   <div class='ocr_carea' id='block_1_1' title="bbox 275 471 1749 4653">
    <p class='ocr_par' dir='ltr' id='par_1_1' title="bbox 371 471 1749 1494">
     <span class='ocr_line' id='line_1_1' title="bbox 415 471 1713 573; baseline 0.005 -23"><span class='ocrx_word' id='word_1_1' title='bbox 415 473 490 559; x_wconf 69' lang='lat'><strong>126</strong></span> <span class='ocrx_word' id='word_1_2' title='bbox 750 471 1034 556; x_wconf 71' lang='lat' dir='ltr'><em>Institutionum</em></span> <span class='ocrx_word' id='word_1_3' title='bbox 1047 471 1314 555; x_wconf 69' lang='lat' dir='ltr'><strong>erronearum</strong></span> <span class='ocrx_word' id='word_1_4' title='bbox 1500 561 1502 564; x_wconf 66' lang='grc'>,</span> <span class='ocrx_word' id='word_1_5' title='bbox 1602 552 1608 573; x_wconf 88' lang='lat'><strong>-.</strong></span> <span class='ocrx_word' id='word_1_6' title='bbox 1709 552 1713 557; x_wconf 87' lang='lat'>.</span> 
     </span>
     <span class='ocr_line' id='line_1_2' title="bbox 385 577 1749 680; baseline 0.008 -30"><span class='ocrx_word' id='word_1_7' title='bbox 385 588 473 662; x_wconf 91' lang='lat' dir='ltr'><strong>tor,</strong></span> <span class='ocrx_word' id='word_1_8' title='bbox 509 598 585 652; x_wconf 90' lang='lat' dir='ltr'><strong>non</strong></span> <span class='ocrx_word' id='word_1_9' title='bbox 617 578 741 673; x_wconf 89' lang='lat' dir='ltr'><strong>primo</strong></span> <span class='ocrx_word' id='word_1_10' title='bbox 756 582 817 672; x_wconf 90' lang='lat' dir='ltr'><strong>jus</strong></span> <span class='ocrx_word' id='word_1_11' title='bbox 828 578 941 677; x_wconf 85' lang='lat' dir='ltr'><strong>Asyli</strong></span> <span class='ocrx_word' id='word_1_12' title='bbox 961 580 1172 670; x_wconf 89' lang='lat' dir='ltr'><strong>decernat,-</strong></span> <span class='ocrx_word' id='word_1_13' title='bbox 1192 581 1262 657; x_wconf 79' lang='lat' dir='ltr'><strong>sed</strong></span> <span class='ocrx_word' id='word_1_14' title='bbox 1292 578 1418 677; x_wconf 86' lang='lat' dir='ltr'><strong>potins</strong></span> <span class='ocrx_word' id='word_1_15' title='bbox 1436 577 1616 674; x_wconf 79' lang='lat' dir='ltr'><strong>modum,</strong></span> <span class='ocrx_word' id='word_1_16' title='bbox 1633 597 1672 680; x_wconf 80' lang='lat' dir='ltr'><strong>et</strong></span> <span class='ocrx_word' id='word_1_17' title='bbox 1722 622 1749 641; x_wconf 88' lang='lat'><strong>··</strong></span> 
     </span>
     <span class='ocr_line' id='line_1_3' title="bbox 385 677 1696 783; baseline 0.011 -33"><span class='ocrx_word' id='word_1_18' title='bbox 385 677 525 754; x_wconf 89' lang='lat' dir='ltr'><strong>limites</strong></span> <span class='ocrx_word' id='word_1_19' title='bbox 544 680 615 776; x_wconf 90' lang='lat' dir='ltr'><strong>ipsi</strong></span> <span class='ocrx_word' id='word_1_20' title='bbox 631 682 749 783; x_wconf 64' lang='lat' dir='ltr'><strong>ngat,</strong></span> <span class='ocrx_word' id='word_1_21' title='bbox 776 680 972 755; x_wconf 88' lang='lat' dir='ltr'><strong>constitnit</strong></span> <span class='ocrx_word' id='word_1_22' title='bbox 990 682 1117 773; x_wconf 89' lang='lat' dir='ltr'><strong>enim,</strong></span> <span class='ocrx_word' id='word_1_23' title='bbox 1140 698 1181 756; x_wconf 92' lang='lat' dir='ltr'><strong>ut</strong></span> <span class='ocrx_word' id='word_1_24' title='bbox 1198 683 1229 755; x_wconf 91' lang='lat' dir='ltr'><strong>si</strong></span> <span class='ocrx_word' id='word_1_25' title='bbox 1246 683 1389 778; x_wconf 80' lang='lat' dir='ltr'>publici</span> <span class='ocrx_word' id='word_1_26' title='bbox 1407 682 1601 763; x_wconf 80' lang='lat' dir='ltr'>debitores</span> <span class='ocrx_word' id='word_1_27' title='bbox 1621 689 1673 765; x_wconf 81' lang='lat' dir='ltr'><strong>ad</strong></span> <span class='ocrx_word' id='word_1_28' title='bbox 1693 775 1696 779; x_wconf 48' lang='grc'><strong>,</strong></span> 
     </span>
     <span class='ocr_line' id='line_1_4' title="bbox 371 778 1674 887; baseline 0.012 -38"><span class='ocrx_word' id='word_1_29' title='bbox 371 778 578 861; x_wconf 75' lang='lat' dir='ltr'><strong>,Ecclesiae</strong></span> <span class='ocrx_word' id='word_1_30' title='bbox 593 784 858 880; x_wconf 79' lang='lat' dir='ltr'><strong>confugerint,</strong></span> <span class='ocrx_word' id='word_1_31' title='bbox 889 784 952 856; x_wconf 82' lang='lat' dir='ltr'><strong>vel</strong></span> <span class='ocrx_word' id='word_1_32' title='bbox 971 784 1060 859; x_wconf 91' lang='lat' dir='ltr'><strong>inde</strong></span> <span class='ocrx_word' id='word_1_33' title='bbox 1094 789 1367 875; x_wconf 81' lang='lat' dir='ltr'><strong>extrahantur,</strong></span> <span class='ocrx_word' id='word_1_34' title='bbox 1398 786 1460 860; x_wconf 90' lang='lat' dir='ltr'><strong>vel</strong></span> <span class='ocrx_word' id='word_1_35' title='bbox 1477 782 1674 887; x_wconf 77' lang='lat' dir='ltr'><strong>Episcopi,</strong></span> 
     </span>
     <span class='ocr_line' id='line_1_5' title="bbox 374 885 1676 984; baseline 0.006 -23"><span class='ocrx_word' id='word_1_36' title='bbox 374 885 451 982; x_wconf 89' lang='lat' dir='ltr'><strong>.qui</strong></span> <span class='ocrx_word' id='word_1_37' title='bbox 481 907 546 964; x_wconf 85' lang='lat' dir='ltr'><strong>eos</strong></span> <span class='ocrx_word' id='word_1_38' title='bbox 574 887 769 961; x_wconf 85' lang='lat' dir='ltr'><strong>occultare</strong></span> <span class='ocrx_word' id='word_1_39' title='bbox 800 885 1040 981; x_wconf 75' lang='lat' dir='ltr'>probantur,</span> <span class='ocrx_word' id='word_1_40' title='bbox 1066 909 1145 982; x_wconf 74' lang='lat' dir='ltr'><strong>pro·</strong></span> <span class='ocrx_word' id='word_1_41' title='bbox 1166 888 1257 984; x_wconf 85' lang='lat' dir='ltr'><strong>ipsis</strong></span> <span class='ocrx_word' id='word_1_42' title='bbox 1287 887 1418 984; x_wconf 87' lang='lat' dir='ltr'><strong>debita</strong></span> <span class='ocrx_word' id='word_1_43' title='bbox 1440 889 1591 965; x_wconf 86' lang='lat' dir='ltr'><strong>solvere</strong></span> <span class='ocrx_word' id='word_1_44' title='bbox 1608 902 1676 968; x_wconf 86' lang='lat' dir='ltr'><strong>co&#39;·</strong></span> 
     </span>
     <span class='ocr_line' id='line_1_6' title="bbox 384 988 1680 1084; baseline 0.005 -20"><span class='ocrx_word' id='word_1_45' title='bbox 384 1002 548 1083; x_wconf 75' lang='lat' dir='ltr'><strong>gantur:</strong></span> <span class='ocrx_word' id='word_1_46' title='bbox 578 990 669 1063; x_wconf 89' lang='lat' dir='ltr'><strong>hinc</strong></span> <span class='ocrx_word' id='word_1_47' title='bbox 689 988 861 1084; x_wconf 88' lang='lat' dir='ltr'><strong>prolecto</strong></span> <span class='ocrx_word' id='word_1_48' title='bbox 883 990 973 1066; x_wconf 89' lang='lat' dir='ltr'><strong>licet</strong></span> <span class='ocrx_word' id='word_1_49' title='bbox 993 989 1213 1079; x_wconf 84' lang='lat' dir='ltr'><strong>deducere,</strong></span> <span class='ocrx_word' id='word_1_50' title='bbox 1235 993 1316 1084; x_wconf 82' lang='lat' dir='ltr'><strong>jam</strong></span> <span class='ocrx_word' id='word_1_51' title='bbox 1344 1008 1456 1066; x_wconf 90' lang='lat' dir='ltr'><strong>antea</strong></span> <span class='ocrx_word' id='word_1_52' title='bbox 1479 991 1680 1073; x_wconf 81' lang='lat' dir='ltr'><strong>inEecle·</strong></span> 
     </span>
     <span class='ocr_line' id='line_1_7' title="bbox 386 1089 1677 1194; baseline 0.009 -33"><span class='ocrx_word' id='word_1_53' title='bbox 386 1090 441 1163; x_wconf 83' lang='lat' dir='ltr'><strong>sia</strong></span> <span class='ocrx_word' id='word_1_54' title='bbox 477 1094 531 1182; x_wconf 85' lang='lat' dir='ltr'><strong>jus</strong></span> <span class='ocrx_word' id='word_1_55' title='bbox 548 1092 659 1189; x_wconf 87' lang='lat' dir='ltr'><strong>Asyli</strong></span> <span class='ocrx_word' id='word_1_56' title='bbox 683 1093 839 1189; x_wconf 87' lang='lat' dir='ltr'><strong>viguise.</strong></span> <span class='ocrx_word' id='word_1_57' title='bbox 868 1089 918 1165; x_wconf 86' lang='lat' dir='ltr'><strong>Et</strong></span> <span class='ocrx_word' id='word_1_58' title='bbox 946 1115 1036 1166; x_wconf 89' lang='lat' dir='ltr'><strong>sane</strong></span> <span class='ocrx_word' id='word_1_59' title='bbox 1058 1108 1147 1166; x_wconf 89' lang='lat' dir='ltr'><strong>ante</strong></span> <span class='ocrx_word' id='word_1_60' title='bbox 1167 1115 1228 1167; x_wconf 84' lang='lat' dir='ltr'><strong>an.</strong></span> <span class='ocrx_word' id='word_1_61' title='bbox 1244 1115 1345 1191; x_wconf 76' lang='lat'><strong>392,</strong></span> <span class='ocrx_word' id='word_1_62' title='bbox 1370 1095 1409 1166; x_wconf 93' lang='lat' dir='ltr'><strong>in</strong></span> <span class='ocrx_word' id='word_1_63' title='bbox 1432 1111 1677 1194; x_wconf 81' lang='lat' dir='ltr'><strong>quotempus</strong></span> 
     </span>
     <span class='ocr_line' id='line_1_8' title="bbox 385 1189 1679 1293; baseline 0.009 -30"><span class='ocrx_word' id='word_1_64' title='bbox 385 1189 522 1266; x_wconf 84' lang='lat' dir='ltr'><strong>incidit</strong></span> <span class='ocrx_word' id='word_1_65' title='bbox 554 1194 700 1268; x_wconf 88' lang='lat' dir='ltr'><strong>sanctio</strong></span> <span class='ocrx_word' id='word_1_66' title='bbox 719 1195 1017 1284; x_wconf 82' lang='lat' dir='ltr'><strong>Theodosiana,</strong></span> <span class='ocrx_word' id='word_1_67' title='bbox 1048 1197 1251 1291; x_wconf 88' lang='lat' dir='ltr'><strong>perspicue</strong></span> <span class='ocrx_word' id='word_1_68' title='bbox 1281 1198 1495 1293; x_wconf 86' lang='lat' dir='ltr'><strong>loquuntur¹</strong></span> <span class='ocrx_word' id='word_1_69' title='bbox 1520 1199 1569 1272; x_wconf 94' lang='lat' dir='ltr'><strong>de</strong></span> <span class='ocrx_word' id='word_1_70' title='bbox 1591 1202 1679 1292; x_wconf 85' lang='lat' dir='ltr'><strong>jure</strong></span> 
     </span>
     <span class='ocr_line' id='line_1_9' title="bbox 378 1288 1678 1400; baseline 0.002 -29"><span class='ocrx_word' id='word_1_71' title='bbox 378 1292 498 1390; x_wconf 86' lang='lat' dir='ltr'><strong>Asyli</strong></span> <span class='ocrx_word' id='word_1_72' title='bbox 517 1297 615 1371; x_wconf 86' lang='lat' dir='ltr'><strong>Naz.</strong></span> <span class='ocrx_word' id='word_1_73' title='bbox 629 1299 742 1371; x_wconf 84' lang='lat' dir='ltr'><em>Orat.</em></span> <span class='ocrx_word' id='word_1_74' title='bbox 754 1297 842 1368; x_wconf 84' lang='lat' dir='ltr'><strong>XX</strong></span> <span class='ocrx_word' id='word_1_75' title='bbox 860 1295 903 1373; x_wconf 83' lang='lat' dir='ltr'><strong>de</strong></span> <span class='ocrx_word' id='word_1_76' title='bbox 925 1297 1026 1370; x_wconf 86' lang='lat' dir='ltr'><strong>laud.</strong></span> <span class='ocrx_word' id='word_1_77' title='bbox 1038 1297 1211 1389; x_wconf 85' lang='lat' dir='ltr'><strong>Basilii,</strong></span> <span class='ocrx_word' id='word_1_78' title='bbox 1241 1312 1280 1373; x_wconf 90' lang='lat' dir='ltr'><strong>et</strong></span> <span class='ocrx_word' id='word_1_79' title='bbox 1296 1296 1521 1374; x_wconf 86' lang='lat' dir='ltr'><strong>Ambrosius</strong></span> <span class='ocrx_word' id='word_1_80' title='bbox 1539 1288 1678 1400; x_wconf 57' lang='grc' dir='ltr'><strong>ΕΜ</strong></span> 
     </span>
     <span class='ocr_line' id='line_1_10' title="bbox 375 1395 1653 1494; baseline 0.008 -23"><span class='ocrx_word' id='word_1_81' title='bbox 375 1395 481 1487; x_wconf 53' lang='lat' dir='ltr'><strong>,alias</strong></span> <span class='ocrx_word' id='word_1_82' title='bbox 497 1396 631 1475; x_wconf 87' lang='lat' dir='ltr'><strong>Lib.l</strong></span> <span class='ocrx_word' id='word_1_83' title='bbox 641 1419 697 1494; x_wconf 85' lang='lat' dir='ltr'><strong>ep.</strong></span> <span class='ocrx_word' id='word_1_84' title='bbox 719 1420 774 1493; x_wconf 82' lang='lat'><strong>14.</strong></span> <span class='ocrx_word' id='word_1_85' title='bbox 1045 1468 1048 1475; x_wconf 92' lang='grc'><em>,</em></span> <span class='ocrx_word' id='word_1_86' title='bbox 1388 1460 1391 1466; x_wconf 79' lang='lat'><strong>,</strong></span> <span class='ocrx_word' id='word_1_87' title='bbox 1475 1474 1478 1481; x_wconf 82' lang='lat'>.</span> <span class='ocrx_word' id='word_1_88' title='bbox 1649 1438 1653 1447; x_wconf 87' lang='lat'><em>·</em></span> 
     </span>
    </p>

    <p class='ocr_par' dir='ltr' id='par_1_2' title="bbox 275 1499 1740 3434">
     <span class='ocr_line' id='line_1_11' title="bbox 415 1499 1678 1600; baseline 0.007 -27"><span class='ocrx_word' id='word_1_89' title='bbox 415 1499 489 1573; x_wconf 13' lang='lat' dir='ltr'><strong>VV.</strong></span> <span class='ocrx_word' id='word_1_90' title='bbox 517 1501 702 1577; x_wconf 84' lang='lat' dir='ltr'><strong>Arcadius</strong></span> <span class='ocrx_word' id='word_1_91' title='bbox 745 1503 899 1599; x_wconf 87' lang='lat' dir='ltr'><strong>quidem</strong></span> <span class='ocrx_word' id='word_1_92' title='bbox 940 1501 991 1581; x_wconf 91' lang='lat' dir='ltr'><strong>ab</strong></span> <span class='ocrx_word' id='word_1_93' title='bbox 1023 1503 1208 1600; x_wconf 87' lang='lat' dir='ltr'><strong>Eutropio</strong></span> <span class='ocrx_word' id='word_1_94' title='bbox 1236 1501 1421 1580; x_wconf 89' lang='lat' dir='ltr'><strong>Eunucho</strong></span> <span class='ocrx_word' id='word_1_95' title='bbox 1469 1503 1678 1582; x_wconf 73' lang='lat' dir='ltr'><strong>solicitatur</strong></span> 
     </span>
     <span class='ocr_line' id='line_1_12' title="bbox 386 1597 1684 1701; baseline 0.005 -25"><span class='ocrx_word' id='word_1_96' title='bbox 386 1597 513 1700; x_wconf 82' lang='lat' dir='ltr'><strong>legem</strong></span> <span class='ocrx_word' id='word_1_97' title='bbox 534 1607 638 1692; x_wconf 89' lang='lat' dir='ltr'><strong>tulit,</strong></span> <span class='ocrx_word' id='word_1_98' title='bbox 653 1605 808 1680; x_wconf 88' lang='lat' dir='ltr'><strong>Socrate</strong></span> <span class='ocrx_word' id='word_1_99' title='bbox 827 1605 914 1679; x_wconf 85' lang='lat' dir='ltr'><strong>Lib.</strong></span> <span class='ocrx_word' id='word_1_100' title='bbox 931 1604 978 1678; x_wconf 92' lang='lat' dir='ltr'><em>V</em></span> <span class='ocrx_word' id='word_1_101' title='bbox 982 1606 1008 1678; x_wconf 95' lang='lat' dir='ltr'><em>I</em></span> <span class='ocrx_word' id='word_1_102' title='bbox 1016 1625 1100 1701; x_wconf 84' lang='lat' dir='ltr'><strong>cap.</strong></span> <span class='ocrx_word' id='word_1_103' title='bbox 1119 1626 1166 1699; x_wconf 79' lang='lat'><strong>5,</strong></span> <span class='ocrx_word' id='word_1_104' title='bbox 1185 1623 1224 1680; x_wconf 91' lang='lat' dir='ltr'><strong>et</strong></span> <span class='ocrx_word' id='word_1_105' title='bbox 1237 1606 1450 1681; x_wconf 89' lang='lat' dir='ltr'><strong>Sozorneno</strong></span> <span class='ocrx_word' id='word_1_106' title='bbox 1464 1609 1553 1700; x_wconf 77' lang='lat' dir='ltr'><strong>Lid.</strong></span> <span class='ocrx_word' id='word_1_107' title='bbox 1562 1608 1609 1680; x_wconf 94' lang='lat' dir='ltr'><em>V</em></span> <span class='ocrx_word' id='word_1_108' title='bbox 1607 1608 1684 1685; x_wconf 83' lang='grc' dir='ltr'><strong>ΙΙΙ</strong></span> 
     </span>
     <span class='ocr_line' id='line_1_13' title="bbox 388 1710 1679 1807; baseline 0.009 -32"><span class='ocrx_word' id='word_1_109' title='bbox 388 1724 510 1805; x_wconf 76' lang='lat' dir='ltr'><strong>capy</strong></span> <span class='ocrx_word' id='word_1_110' title='bbox 539 1725 820 1798; x_wconf 75' lang='lat' dir='ltr'><strong>memoratam,</strong></span> <span class='ocrx_word' id='word_1_111' title='bbox 851 1731 924 1807; x_wconf 88' lang='lat' dir='ltr'><strong>qua</strong></span> <span class='ocrx_word' id='word_1_112' title='bbox 956 1732 1111 1787; x_wconf 89' lang='lat' dir='ltr'><strong>omnem</strong></span> <span class='ocrx_word' id='word_1_113' title='bbox 1141 1710 1374 1803; x_wconf 16' lang='lat' dir='ltr'><strong>paenetsacri</strong></span> <span class='ocrx_word' id='word_1_114' title='bbox 1391 1711 1503 1806; x_wconf 85' lang='lat' dir='ltr'><strong>Asyli</strong></span> <span class='ocrx_word' id='word_1_115' title='bbox 1535 1733 1679 1806; x_wconf 87' lang='lat' dir='ltr'><strong>praero·</strong></span> 
     </span>
     <span class='ocr_line' id='line_1_14' title="bbox 373 1809 1681 1910; baseline 0.008 -32"><span class='ocrx_word' id='word_1_116' title='bbox 373 1809 557 1902; x_wconf 76' lang='lat' dir='ltr'><strong>¹garivam</strong></span> <span class='ocrx_word' id='word_1_117' title='bbox 587 1809 793 1908; x_wconf 64' lang='lat' dir='ltr'><strong>‚abrogavit</strong></span> <span class='ocrx_word' id='word_1_118' title='bbox 810 1834 839 1882; x_wconf 71' lang='lat' dir='ltr'><strong>a.</strong></span> <span class='ocrx_word' id='word_1_119' title='bbox 859 1810 953 1910; x_wconf 85' lang='lat' dir='ltr'><strong>Leg.</strong></span> <span class='ocrx_word' id='word_1_120' title='bbox 965 1810 989 1882; x_wconf 89' lang='lat' dir='ltr'><strong><em>I</em></strong></span> <span class='ocrx_word' id='word_1_121' title='bbox 993 1809 1041 1882; x_wconf 91' lang='lat' dir='ltr'><em>V</em></span> <span class='ocrx_word' id='word_1_122' title='bbox 1066 1809 1157 1884; x_wconf 88' lang='lat' dir='ltr'><strong>Cod.</strong></span> <span class='ocrx_word' id='word_1_123' title='bbox 1174 1809 1306 1883; x_wconf 75' lang='lat' dir='ltr'><strong>Theon.</strong></span> <span class='ocrx_word' id='word_1_124' title='bbox 1332 1810 1377 1885; x_wconf 81' lang='lat' dir='ltr'><strong>de</strong></span> <span class='ocrx_word' id='word_1_125' title='bbox 1398 1815 1505 1904; x_wconf 84' lang='lat' dir='ltr'><strong>His,</strong></span> <span class='ocrx_word' id='word_1_126' title='bbox 1533 1816 1595 1908; x_wconf 81' lang='lat' dir='ltr'><strong>qni</strong></span> <span class='ocrx_word' id='word_1_127' title='bbox 1627 1813 1681 1889; x_wconf 80' lang='lat' dir='ltr'><strong>nd</strong></span> 
     </span>
     <span class='ocr_line' id='line_1_15' title="bbox 383 1906 1677 2011; baseline 0.008 -29"><span class='ocrx_word' id='word_1_128' title='bbox 383 1906 534 1986; x_wconf 72' lang='lat' dir='ltr'><strong>,Errlen</strong></span> <span class='ocrx_word' id='word_1_129' title='bbox 566 1912 712 2010; x_wconf 80' lang='lat' dir='ltr'><strong>confug.</strong></span> <span class='ocrx_word' id='word_1_130' title='bbox 746 1916 845 1988; x_wconf 92' lang='lat' dir='ltr'><strong>unde</strong></span> <span class='ocrx_word' id='word_1_131' title='bbox 873 1912 918 1997; x_wconf 85' lang='lat' dir='ltr'><strong>S..</strong></span> <span class='ocrx_word' id='word_1_132' title='bbox 935 1912 1099 2010; x_wconf 86' lang='lat' dir='ltr'><strong>Joannes</strong></span> <span class='ocrx_word' id='word_1_133' title='bbox 1116 1911 1414 2010; x_wconf 84' lang='lat' dir='ltr'><strong>Chrysostomus</strong></span> <span class='ocrx_word' id='word_1_134' title='bbox 1446 1937 1606 2011; x_wconf 82' lang='lat' dir='ltr'><strong>gravem</strong></span> <span class='ocrx_word' id='word_1_135' title='bbox 1634 1918 1677 1994; x_wconf 71' lang='lat' dir='ltr'><strong>,in</strong></span> 
     </span>
     <span class='ocr_line' id='line_1_16' title="bbox 366 2009 1740 2117; baseline 0.009 -31"><span class='ocrx_word' id='word_1_136' title='bbox 366 2009 627 2110; x_wconf 80' lang='lat' dir='ltr'><strong>&#39;Eutropium</strong></span> <span class='ocrx_word' id='word_1_137' title='bbox 645 2015 777 2091; x_wconf 87' lang='lat' dir='ltr'><strong>babuit</strong></span> <span class='ocrx_word' id='word_1_138' title='bbox 811 2015 1039 2090; x_wconf 85' lang='lat' dir='ltr'><strong>orationem.</strong></span> <span class='ocrx_word' id='word_1_139' title='bbox 1058 2016 1213 2117; x_wconf 23' lang='lat' dir='ltr'><strong>‘Verum</strong></span> <span class='ocrx_word' id='word_1_140' title='bbox 1239 2016 1372 2095; x_wconf 84' lang='lat' dir='ltr'><strong>statim</strong></span> <span class='ocrx_word' id='word_1_141' title='bbox 1407 2031 1493 2111; x_wconf 88' lang='lat' dir='ltr'><strong>post</strong></span> <span class='ocrx_word' id='word_1_142' title='bbox 1520 2017 1682 2095; x_wconf 83' lang='lat' dir='ltr'><strong>Arcadii</strong></span> <span class='ocrx_word' id='word_1_143' title='bbox 1716 2093 1740 2107; x_wconf 16' lang='lat'><strong>⁷-</strong></span> 
     </span>
     <span class='ocr_line' id='line_1_17' title="bbox 330 2111 1682 2216; baseline 0.006 -30"><span class='ocrx_word' id='word_1_144' title='bbox 330 2169 333 2173; x_wconf 80' lang='lat'><em>-</em></span> <span class='ocrx_word' id='word_1_145' title='bbox 375 2111 592 2211; x_wconf 77' lang='lat' dir='ltr'><strong>imperium</strong></span> <span class='ocrx_word' id='word_1_146' title='bbox 611 2119 846 2194; x_wconf 79' lang='lat' dir='ltr'><strong>Theodosius</strong></span> <span class='ocrx_word' id='word_1_147' title='bbox 865 2121 996 2216; x_wconf 83' lang='lat' dir='ltr'><strong>Junior</strong></span> <span class='ocrx_word' id='word_1_148' title='bbox 1029 2119 1265 2193; x_wconf 85' lang='lat' dir='ltr'><strong>sanctionem</strong></span> <span class='ocrx_word' id='word_1_149' title='bbox 1294 2119 1476 2212; x_wconf 89' lang='lat' dir='ltr'><strong>pertulit,</strong></span> <span class='ocrx_word' id='word_1_150' title='bbox 1505 2143 1587 2215; x_wconf 83' lang='lat' dir='ltr'><strong>qure</strong></span> <span class='ocrx_word' id='word_1_151' title='bbox 1606 2121 1682 2206; x_wconf 56' lang='lat' dir='ltr'><strong>ine</strong></span> 
     </span>
     <span class='ocr_line' id='line_1_18' title="bbox 390 2219 1730 2317; baseline 0.004 -26"><span class='ocrx_word' id='word_1_152' title='bbox 390 2231 500 2316; x_wconf 86' lang='lat' dir='ltr'><strong>tegra</strong></span> <span class='ocrx_word' id='word_1_153' title='bbox 517 2242 641 2317; x_wconf 83' lang='lat' dir='ltr'><strong>graece</strong></span> <span class='ocrx_word' id='word_1_154' title='bbox 659 2278 671 2311; x_wconf 93' lang='lat'><strong>,</strong></span> <span class='ocrx_word' id='word_1_155' title='bbox 701 2240 739 2296; x_wconf 92' lang='lat' dir='ltr'><strong>et</strong></span> <span class='ocrx_word' id='word_1_156' title='bbox 770 2223 888 2294; x_wconf 88' lang='lat' dir='ltr'><strong>latine</strong></span> <span class='ocrx_word' id='word_1_157' title='bbox 905 2222 1067 2295; x_wconf 87' lang='lat' dir='ltr'><strong>habetur</strong></span> <span class='ocrx_word' id='word_1_158' title='bbox 1085 2222 1133 2294; x_wconf 86' lang='lat' dir='ltr'><strong>ad</strong></span> <span class='ocrx_word' id='word_1_159' title='bbox 1150 2221 1299 2295; x_wconf 83' lang='lat' dir='ltr'><strong>calcem</strong></span> <span class='ocrx_word' id='word_1_160' title='bbox 1313 2225 1497 2294; x_wconf 87' lang='lat' dir='ltr'><strong>Actorum</strong></span> <span class='ocrx_word' id='word_1_161' title='bbox 1509 2219 1681 2297; x_wconf 80' lang='lat' dir='ltr'><strong>Consilii</strong></span> <span class='ocrx_word' id='word_1_162' title='bbox 1727 2267 1730 2269; x_wconf 55' lang='lat'>&gt;</span> 
     </span>
     <span class='ocr_line' id='line_1_19' title="bbox 374 2317 1710 2419; baseline 0.001 -25"><span class='ocrx_word' id='word_1_163' title='bbox 374 2317 597 2419; x_wconf 67' lang='lat' dir='ltr'><strong>*Ephesini3</strong></span> <span class='ocrx_word' id='word_1_164' title='bbox 618 2346 744 2419; x_wconf 87' lang='lat' dir='ltr'><strong>eaque</strong></span> <span class='ocrx_word' id='word_1_165' title='bbox 772 2323 961 2417; x_wconf 87' lang='lat' dir='ltr'><strong>piissimus</strong></span> <span class='ocrx_word' id='word_1_166' title='bbox 978 2323 1219 2419; x_wconf 85' lang='lat' dir='ltr'><strong>imperator,</strong></span> <span class='ocrx_word' id='word_1_167' title='bbox 1248 2341 1289 2396; x_wconf 88' lang='lat' dir='ltr'><strong>et</strong></span> <span class='ocrx_word' id='word_1_168' title='bbox 1307 2321 1496 2418; x_wconf 86' lang='lat' dir='ltr'><strong>jusAsyli-</strong></span> <span class='ocrx_word' id='word_1_169' title='bbox 1515 2337 1680 2416; x_wconf 83' lang='lat' dir='ltr'><strong>sartum,</strong></span> <span class='ocrx_word' id='word_1_170' title='bbox 1708 2415 1710 2418; x_wconf 10' lang='grc' dir='ltr'><em>Α</em></span> 
     </span>
     <span class='ocr_line' id='line_1_20' title="bbox 372 2423 1679 2521; baseline 0.003 -25"><span class='ocrx_word' id='word_1_171' title='bbox 372 2439 428 2496; x_wconf 85' lang='lat' dir='ltr'><strong>·et</strong></span> <span class='ocrx_word' id='word_1_172' title='bbox 447 2438 590 2497; x_wconf 90' lang='lat' dir='ltr'><strong>tectum</strong></span> <span class='ocrx_word' id='word_1_173' title='bbox 608 2427 878 2514; x_wconf 88' lang='lat' dir='ltr'><strong>conservavit,</strong></span> <span class='ocrx_word' id='word_1_174' title='bbox 910 2441 948 2500; x_wconf 90' lang='lat' dir='ltr'><strong>et</strong></span> <span class='ocrx_word' id='word_1_175' title='bbox 966 2427 1160 2501; x_wconf 88' lang='lat' dir='ltr'><strong>securitati</strong></span> <span class='ocrx_word' id='word_1_176' title='bbox 1176 2426 1227 2499; x_wconf 91' lang='lat' dir='ltr'><strong>ad</strong></span> <span class='ocrx_word' id='word_1_177' title='bbox 1242 2423 1432 2502; x_wconf 80' lang='lat' dir='ltr'><strong>Ecclesiae</strong></span> <span class='ocrx_word' id='word_1_178' title='bbox 1462 2424 1679 2521; x_wconf 82' lang='lat' dir='ltr'><strong>confugien-</strong></span> 
     </span>
     <span class='ocr_line' id='line_1_21' title="bbox 387 2523 1681 2624; baseline 0.004 -22"><span class='ocrx_word' id='word_1_179' title='bbox 387 2523 483 2605; x_wconf 84' lang='lat' dir='ltr'><strong>tium</strong></span> <span class='ocrx_word' id='word_1_180' title='bbox 515 2531 702 2609; x_wconf 86' lang='lat' dir='ltr'><strong>adversus¹</strong></span> <span class='ocrx_word' id='word_1_181' title='bbox 724 2529 912 2624; x_wconf 92' lang='lat' dir='ltr'><strong>impetum</strong></span> <span class='ocrx_word' id='word_1_182' title='bbox 925 2527 1204 2604; x_wconf 84' lang='lat' dir='ltr'><strong>extrahentium</strong></span> <span class='ocrx_word' id='word_1_183' title='bbox 1225 2527 1438 2615; x_wconf 88' lang='lat' dir='ltr'><strong>consuluit,</strong></span> <span class='ocrx_word' id='word_1_184' title='bbox 1468 2541 1506 2605; x_wconf 87' lang='lat' dir='ltr'><strong>et</strong></span> <span class='ocrx_word' id='word_1_185' title='bbox 1538 2528 1681 2608; x_wconf 61' lang='lat' dir='ltr'><strong>sanctie</strong></span> 
     </span>
     <span class='ocr_line' id='line_1_22' title="bbox 374 2629 1679 2722; baseline -0.001 -15"><span class='ocrx_word' id='word_1_186' title='bbox 374 2642 508 2708; x_wconf 84' lang='lat' dir='ltr'><strong>-tatem</strong></span> <span class='ocrx_word' id='word_1_187' title='bbox 536 2631 1021 2722; x_wconf 76' lang='lat' dir='ltr'><strong>earundemiicclesiarum</strong></span> <span class='ocrx_word' id='word_1_188' title='bbox 1051 2631 1254 2720; x_wconf 70' lang='lat' dir='ltr'><strong>d-vesania</strong></span> <span class='ocrx_word' id='word_1_189' title='bbox 1272 2631 1422 2709; x_wconf 76' lang='lat' dir='ltr'><strong>ineas</strong></span> <span class='ocrx_word' id='word_1_190' title='bbox 1455 2629 1679 2713; x_wconf 86' lang='lat' dir='ltr'><strong>irruentium</strong></span> 
     </span>
     <span class='ocr_line' id='line_1_23' title="bbox 378 2731 1678 2833; baseline -0.002 -24"><span class='ocrx_word' id='word_1_191' title='bbox 378 2734 615 2809; x_wconf 73' lang='lat' dir='ltr'><strong>¹vindicavit.</strong></span> <span class='ocrx_word' id='word_1_192' title='bbox 644 2736 866 2824; x_wconf 83' lang='lat' dir='ltr'><strong>Quinimmo</strong></span> <span class='ocrx_word' id='word_1_193' title='bbox 886 2736 1058 2833; x_wconf 75' lang='lat' dir='ltr'><strong>perfugii</strong></span> <span class='ocrx_word' id='word_1_194' title='bbox 1075 2734 1244 2823; x_wconf 89' lang='lat' dir='ltr'><strong>limites,</strong></span> <span class='ocrx_word' id='word_1_195' title='bbox 1273 2733 1338 2830; x_wconf 89' lang='lat' dir='ltr'><strong>qui</strong></span> <span class='ocrx_word' id='word_1_196' title='bbox 1372 2748 1484 2806; x_wconf 82' lang='lat' dir='ltr'><strong>antea</strong></span> <span class='ocrx_word' id='word_1_197' title='bbox 1501 2731 1678 2826; x_wconf 60' lang='lat' dir='ltr'><strong>‚fortasse</strong></span> 
     </span>
     <span class='ocr_line' id='line_1_24' title="bbox 387 2834 1678 2928; baseline -0.005 -13"><span class='ocrx_word' id='word_1_198' title='bbox 387 2837 453 2915; x_wconf 84' lang='lat' dir='ltr'><strong>vel</strong></span> <span class='ocrx_word' id='word_1_199' title='bbox 468 2839 611 2911; x_wconf 87' lang='lat' dir='ltr'><strong>Altaris</strong></span> <span class='ocrx_word' id='word_1_200' title='bbox 622 2838 853 2928; x_wconf 84' lang='lat' dir='ltr'><strong>cancellos,</strong></span> <span class='ocrx_word' id='word_1_201' title='bbox 877 2838 940 2912; x_wconf 87' lang='lat' dir='ltr'><strong>vel</strong></span> <span class='ocrx_word' id='word_1_202' title='bbox 962 2840 1161 2912; x_wconf 85' lang='lat' dir='ltr'><strong>duntaxat·</strong></span> <span class='ocrx_word' id='word_1_203' title='bbox 1176 2836 1356 2912; x_wconf 82' lang='lat' dir='ltr'><strong>interiora</strong></span> <span class='ocrx_word' id='word_1_204' title='bbox 1373 2834 1554 2915; x_wconf 77' lang='lat' dir='ltr'><strong>Ecclesiae</strong></span> <span class='ocrx_word' id='word_1_205' title='bbox 1585 2837 1678 2922; x_wconf 82' lang='lat' dir='ltr'><strong>aedi·</strong></span> 
     </span>
     <span class='ocr_line' id='line_1_25' title="bbox 376 2937 1679 3036; baseline -0.001 -22"><span class='ocrx_word' id='word_1_206' title='bbox 376 2937 475 3014; x_wconf 66' lang='lat' dir='ltr'><strong>dicia</strong></span> <span class='ocrx_word' id='word_1_207' title='bbox 503 2964 583 3015; x_wconf 89' lang='lat' dir='ltr'><strong>non</strong></span> <span class='ocrx_word' id='word_1_208' title='bbox 618 2938 884 3031; x_wconf 79' lang='lat' dir='ltr'><strong>excedebant,</strong></span> <span class='ocrx_word' id='word_1_209' title='bbox 916 2942 966 3015; x_wconf 88' lang='lat' dir='ltr'><strong>ad</strong></span> <span class='ocrx_word' id='word_1_210' title='bbox 997 2938 1204 3014; x_wconf 82' lang='lat' dir='ltr'><strong>exteriores</strong></span> <span class='ocrx_word' id='word_1_211' title='bbox 1228 2959 1376 3036; x_wconf 91' lang='lat' dir='ltr'><strong>quoque</strong></span> <span class='ocrx_word' id='word_1_212' title='bbox 1408 2938 1594 3025; x_wconf 79' lang='lat' dir='ltr'><strong>exedras,</strong></span> <span class='ocrx_word' id='word_1_213' title='bbox 1622 2939 1679 3013; x_wconf 83' lang='lat' dir='ltr'><strong>uri</strong></span> 
     </span>
     <span class='ocr_line' id='line_1_26' title="bbox 391 3038 1683 3142; baseline 0.002 -29"><span class='ocrx_word' id='word_1_214' title='bbox 391 3038 685 3137; x_wconf 80' lang='lat' dir='ltr'><strong>baptisterium,</strong></span> <span class='ocrx_word' id='word_1_215' title='bbox 706 3043 859 3142; x_wconf 71' lang='lat' dir='ltr'><strong>aream,</strong></span> <span class='ocrx_word' id='word_1_216' title='bbox 873 3060 875 3065; x_wconf 90' lang='grc'><strong><em>·</em></strong></span> <span class='ocrx_word' id='word_1_217' title='bbox 889 3044 1057 3137; x_wconf 90' lang='lat' dir='ltr'><strong>porticus</strong></span> <span class='ocrx_word' id='word_1_218' title='bbox 1070 3087 1094 3131; x_wconf 50' lang='lat'><strong>,1</strong></span> <span class='ocrx_word' id='word_1_219' title='bbox 1106 3040 1243 3119; x_wconf 83' lang='lat' dir='ltr'><strong>balnea</strong></span> <span class='ocrx_word' id='word_1_220' title='bbox 1257 3041 1495 3129; x_wconf 83' lang='lat' dir='ltr'><strong>,.·bortulos,</strong></span> <span class='ocrx_word' id='word_1_221' title='bbox 1525 3054 1606 3120; x_wconf 85' lang='lat' dir='ltr'><strong>tum</strong></span> <span class='ocrx_word' id='word_1_222' title='bbox 1621 3055 1683 3116; x_wconf 82' lang='lat' dir='ltr'><strong>:et-</strong></span> 
     </span>
     <span class='ocr_line' id='line_1_27' title="bbox 390 3139 1680 3241; baseline -0.002 -22"><span class='ocrx_word' id='word_1_223' title='bbox 390 3149 440 3219; x_wconf 85' lang='lat' dir='ltr'><strong>ad</strong></span> <span class='ocrx_word' id='word_1_224' title='bbox 459 3148 556 3218; x_wconf 86' lang='lat' dir='ltr'><strong>aecles</strong></span> <span class='ocrx_word' id='word_1_225' title='bbox 570 3144 780 3241; x_wconf 85' lang='lat' dir='ltr'><strong>Episcopi,</strong></span> <span class='ocrx_word' id='word_1_226' title='bbox 811 3162 849 3220; x_wconf 91' lang='lat' dir='ltr'><strong>et</strong></span> <span class='ocrx_word' id='word_1_227' title='bbox 867 3144 1136 3235; x_wconf 80' lang='lat' dir='ltr'><strong>clericorum,</strong></span> <span class='ocrx_word' id='word_1_228' title='bbox 1157 3145 1307 3240; x_wconf 80' lang='lat' dir='ltr'><strong>aliaque</strong></span> <span class='ocrx_word' id='word_1_229' title='bbox 1333 3145 1383 3217; x_wconf 92' lang='lat' dir='ltr'><strong>ad</strong></span> <span class='ocrx_word' id='word_1_230' title='bbox 1403 3142 1525 3237; x_wconf 87' lang='lat' dir='ltr'><strong>ipsam</strong></span> <span class='ocrx_word' id='word_1_231' title='bbox 1542 3139 1680 3218; x_wconf 87' lang='lat' dir='ltr'><strong>Eccle-</strong></span> 
     </span>
     <span class='ocr_line' id='line_1_28' title="bbox 389 3248 1673 3345; baseline 0.005 -24"><span class='ocrx_word' id='word_1_232' title='bbox 389 3248 769 3345; x_wconf 82' lang='lat' dir='ltr'><strong>siampertinentiam</strong></span> <span class='ocrx_word' id='word_1_233' title='bbox 790 3248 1106 3345; x_wconf 82' lang='lat' dir='ltr'><strong>loca-ampliavit.</strong></span> <span class='ocrx_word' id='word_1_234' title='bbox 1489 3251 1497 3288; x_wconf 69' lang='lat'>³</span> <span class='ocrx_word' id='word_1_235' title='bbox 1668 3249 1673 3257; x_wconf 84' lang='grc'><em>’</em></span> 
     </span>
     <span class='ocr_line' id='line_1_29' title="bbox 275 3346 1677 3434; baseline -0.004 -6"><span class='ocrx_word' id='word_1_236' title='bbox 275 3408 277 3412; x_wconf 91' lang='grc'><strong>-</strong></span> <span class='ocrx_word' id='word_1_237' title='bbox 444 3352 509 3427; x_wconf 91' lang='lat' dir='ltr'><strong>Vl.</strong></span> <span class='ocrx_word' id='word_1_238' title='bbox 541 3351 710 3426; x_wconf 87' lang='lat' dir='ltr'><strong>Eandem</strong></span> <span class='ocrx_word' id='word_1_239' title='bbox 743 3369 838 3430; x_wconf 69' lang='lat' dir='ltr'><strong>ortuo</strong></span> <span class='ocrx_word' id='word_1_240' title='bbox 867 3353 1094 3434; x_wconf 79' lang='lat' dir='ltr'><strong>materialem</strong></span> <span class='ocrx_word' id='word_1_241' title='bbox 1120 3347 1429 3425; x_wconf 88' lang='lat' dir='ltr'><strong>Ecclesiasticam</strong></span> <span class='ocrx_word' id='word_1_242' title='bbox 1463 3346 1677 3423; x_wconf 86' lang='lat' dir='ltr'><strong>immunita·</strong></span> 
     </span>
    </p>

    <p class='ocr_par' dir='ltr' id='par_1_3' title="bbox 323 3445 1703 4591">
     <span class='ocr_line' id='line_1_30' title="bbox 370 3445 1677 3554; baseline 0.002 -30"><span class='ocrx_word' id='word_1_243' title='bbox 370 3466 467 3529; x_wconf 80' lang='lat' dir='ltr'><strong>..tem</strong></span> <span class='ocrx_word' id='word_1_244' title='bbox 502 3456 636 3553; x_wconf 78' lang='lat' dir='ltr'><strong>magis¹</strong></span> <span class='ocrx_word' id='word_1_245' title='bbox 652 3457 849 3554; x_wconf 85' lang='lat' dir='ltr'><strong>magisq&#39;ue</strong></span> <span class='ocrx_word' id='word_1_246' title='bbox 879 3456 1035 3529; x_wconf 81' lang='lat' dir='ltr'><strong>adauxit</strong></span> <span class='ocrx_word' id='word_1_247' title='bbox 1052 3456 1131 3527; x_wconf 85' lang='lat' dir='ltr'><strong>Leo</strong></span> <span class='ocrx_word' id='word_1_248' title='bbox 1145 3456 1241 3547; x_wconf 88' lang='lat' dir='ltr'><strong>Imp.</strong></span> <span class='ocrx_word' id='word_1_249' title='bbox 1262 3452 1354 3545; x_wconf 76' lang='lat' dir='ltr'><strong>leg.</strong></span> <span class='ocrx_word' id='word_1_250' title='bbox 1372 3451 1445 3525; x_wconf 87' lang='lat' dir='ltr'><strong>VI</strong></span> <span class='ocrx_word' id='word_1_251' title='bbox 1461 3447 1551 3523; x_wconf 83' lang='lat' dir='ltr'><strong>Cod.</strong></span> <span class='ocrx_word' id='word_1_252' title='bbox 1568 3445 1677 3542; x_wconf 83' lang='lat' dir='ltr'><strong>Just.</strong></span> 
     </span>
     <span class='ocr_line' id='line_1_31' title="bbox 375 3538 1677 3656; baseline 0.002 -32"><span class='ocrx_word' id='word_1_253' title='bbox 375 3556 466 3631; x_wconf 62' lang='lat' dir='ltr'><strong>nod.</strong></span> <span class='ocrx_word' id='word_1_254' title='bbox 486 3549 695 3632; x_wconf 85' lang='lat' dir='ltr'><strong>Constituit</strong></span> <span class='ocrx_word' id='word_1_255' title='bbox 719 3560 821 3632; x_wconf 89' lang='lat' dir='ltr'><strong>enim</strong></span> <span class='ocrx_word' id='word_1_256' title='bbox 845 3561 929 3656; x_wconf 84' lang='lat' dir='ltr'><strong>lege</strong></span> <span class='ocrx_word' id='word_1_257' title='bbox 947 3579 1016 3653; x_wconf 89' lang='lat' dir='ltr'><strong>per</strong></span> <span class='ocrx_word' id='word_1_258' title='bbox 1033 3554 1162 3628; x_wconf 85' lang='lat' dir='ltr'><strong>omnia</strong></span> <span class='ocrx_word' id='word_1_259' title='bbox 1179 3554 1264 3630; x_wconf 90' lang='lat' dir='ltr'><strong>loca</strong></span> <span class='ocrx_word' id='word_1_260' title='bbox 1282 3551 1467 3640; x_wconf 86' lang='lat' dir='ltr'><strong>valitura,</strong></span> <span class='ocrx_word' id='word_1_261' title='bbox 1485 3538 1677 3628; x_wconf 68' lang='lat' dir='ltr'><strong>debitores</strong></span> 
     </span>
     <span class='ocr_line' id='line_1_32' title="bbox 378 3654 1676 3758; baseline -0.005 -24"><span class='ocrx_word' id='word_1_262' title='bbox 378 3682 493 3758; x_wconf 72' lang='lat' dir='ltr'><strong>‹req-ue</strong></span> <span class='ocrx_word' id='word_1_263' title='bbox 514 3657 684 3755; x_wconf 88' lang='lat' dir='ltr'><strong>publicos</strong></span> <span class='ocrx_word' id='word_1_264' title='bbox 702 3713 715 3748; x_wconf 96' lang='lat'><strong>,</strong></span> <span class='ocrx_word' id='word_1_265' title='bbox 745 3666 795 3736; x_wconf 78' lang='lat' dir='ltr'><strong>ac</strong></span> <span class='ocrx_word' id='word_1_266' title='bbox 809 3664 980 3757; x_wconf 85' lang='lat' dir='ltr'><strong>privatos</strong></span> <span class='ocrx_word' id='word_1_267' title='bbox 996 3658 1044 3732; x_wconf 91' lang='lat' dir='ltr'><strong>ad</strong></span> <span class='ocrx_word' id='word_1_268' title='bbox 1059 3656 1250 3731; x_wconf 77' lang='lat' dir='ltr'><strong>Ecclesiae</strong></span> <span class='ocrx_word' id='word_1_269' title='bbox 1274 3654 1538 3749; x_wconf 79' lang='lat' dir='ltr'><strong>confugientes</strong></span> <span class='ocrx_word' id='word_1_270' title='bbox 1554 3656 1676 3740; x_wconf 48' lang='lat' dir='ltr'><strong>nenti*</strong></span> 
     </span>
     <span class='ocr_line' id='line_1_33' title="bbox 386 3757 1676 3861; baseline -0.003 -23"><span class='ocrx_word' id='word_1_271' title='bbox 386 3786 500 3861; x_wconf 84' lang='lat' dir='ltr'><strong>quarn</strong></span> <span class='ocrx_word' id='word_1_272' title='bbox 525 3785 675 3858; x_wconf 89' lang='lat' dir='ltr'><strong>prorsus</strong></span> <span class='ocrx_word' id='word_1_273' title='bbox 698 3764 785 3838; x_wconf 88' lang='lat' dir='ltr'><strong>inde</strong></span> <span class='ocrx_word' id='word_1_274' title='bbox 816 3763 1089 3849; x_wconf 86' lang='lat' dir='ltr'><strong>extrahendos,</strong></span> <span class='ocrx_word' id='word_1_275' title='bbox 1106 3757 1397 3856; x_wconf 80' lang='lat' dir='ltr'><strong>poeoacapitali</strong></span> <span class='ocrx_word' id='word_1_276' title='bbox 1412 3758 1498 3846; x_wconf 89' lang='lat' dir='ltr'><strong>bis,</strong></span> <span class='ocrx_word' id='word_1_277' title='bbox 1521 3757 1585 3853; x_wconf 88' lang='lat' dir='ltr'><strong>qui</strong></span> <span class='ocrx_word' id='word_1_278' title='bbox 1601 3759 1676 3834; x_wconf 88' lang='lat' dir='ltr'><strong>boc</strong></span> 
     </span>
     <span class='ocr_line' id='line_1_34' title="bbox 378 3858 1677 3955; baseline -0.006 -9"><span class='ocrx_word' id='word_1_279' title='bbox 378 3869 543 3955; x_wconf 72' lang='lat' dir='ltr'><strong>moliri,</strong></span> <span class='ocrx_word' id='word_1_280' title='bbox 566 3884 630 3941; x_wconf 89' lang='lat' dir='ltr'><strong>aut</strong></span> <span class='ocrx_word' id='word_1_281' title='bbox 648 3883 794 3941; x_wconf 86' lang='lat' dir='ltr'><strong>tentare</strong></span> <span class='ocrx_word' id='word_1_282' title='bbox 812 3870 975 3941; x_wconf 85' lang='lat' dir='ltr'><strong>audeant</strong></span> <span class='ocrx_word' id='word_1_283' title='bbox 992 3920 1005 3954; x_wconf 93' lang='lat'><strong>,</strong></span> <span class='ocrx_word' id='word_1_284' title='bbox 1025 3864 1258 3942; x_wconf 85' lang='lat' dir='ltr'><strong>constituta..</strong></span> <span class='ocrx_word' id='word_1_285' title='bbox 1273 3862 1369 3934; x_wconf 81' lang='lat' dir='ltr'><strong>Turn</strong></span> <span class='ocrx_word' id='word_1_286' title='bbox 1391 3881 1461 3932; x_wconf 89' lang='lat' dir='ltr'><strong>nec</strong></span> <span class='ocrx_word' id='word_1_287' title='bbox 1478 3858 1677 3938; x_wconf 63' lang='lat' dir='ltr'><strong>venerabi</strong></span> 
     </span>
     <span class='ocr_line' id='line_1_35' title="bbox 385 3960 1674 4069; baseline -0.004 -28"><span class='ocrx_word' id='word_1_288' title='bbox 385 3968 446 4054; x_wconf 70' lang='lat' dir='ltr'><strong>les,</strong></span> <span class='ocrx_word' id='word_1_289' title='bbox 460 3960 686 4065; x_wconf 86' lang='lat' dir='ltr'><strong>Episcopos,</strong></span> <span class='ocrx_word' id='word_1_290' title='bbox 704 3994 774 4045; x_wconf 90' lang='lat' dir='ltr'><strong>nec</strong></span> <span class='ocrx_word' id='word_1_291' title='bbox 791 3970 987 4069; x_wconf 84' lang='lat' dir='ltr'><strong>religiosos</strong></span> <span class='ocrx_word' id='word_1_292' title='bbox 1004 3970 1257 4049; x_wconf 78' lang='lat' dir='ltr'><strong>(biconomos,</strong></span> <span class='ocrx_word' id='word_1_293' title='bbox 1287 3962 1336 4038; x_wconf 92' lang='lat' dir='ltr'><strong>ad</strong></span> <span class='ocrx_word' id='word_1_294' title='bbox 1368 3961 1521 4035; x_wconf 89' lang='lat' dir='ltr'><strong>illorum</strong></span> <span class='ocrx_word' id='word_1_295' title='bbox 1547 3960 1674 4036; x_wconf 88' lang='lat' dir='ltr'><strong>debita</strong></span> 
     </span>
     <span class='ocr_line' id='line_1_36' title="bbox 323 4064 1676 4169; baseline -0.002 -26"><span class='ocrx_word' id='word_1_296' title='bbox 323 4139 325 4143; x_wconf 86' lang='lat'>.</span> <span class='ocrx_word' id='word_1_297' title='bbox 378 4071 569 4153; x_wconf 56' lang='lat' dir='ltr'><strong>²solvenda</strong></span> <span class='ocrx_word' id='word_1_298' title='bbox 602 4075 796 4169; x_wconf 89' lang='lat' dir='ltr'><strong>compelli.</strong></span> <span class='ocrx_word' id='word_1_299' title='bbox 825 4076 909 4147; x_wconf 86' lang='lat' dir='ltr'><strong>Hac</strong></span> <span class='ocrx_word' id='word_1_300' title='bbox 928 4071 1100 4167; x_wconf 85' lang='lat' dir='ltr'><strong>proiecto</strong></span> <span class='ocrx_word' id='word_1_301' title='bbox 1117 4069 1202 4165; x_wconf 84' lang='lat' dir='ltr'><strong>lege</strong></span> <span class='ocrx_word' id='word_1_302' title='bbox 1219 4064 1495 4147; x_wconf 89' lang='lat' dir='ltr'><strong>Theodosianae</strong></span> <span class='ocrx_word' id='word_1_303' title='bbox 1512 4066 1676 4140; x_wconf 81' lang='lat' dir='ltr'><strong>sanctio·</strong></span> 
     </span>
     <span class='ocr_line' id='line_1_37' title="bbox 379 4164 1675 4269; baseline -0.002 -27"><span class='ocrx_word' id='word_1_304' title='bbox 379 4174 445 4247; x_wconf 75' lang='lat' dir='ltr'><strong>nb</strong></span> <span class='ocrx_word' id='word_1_305' title='bbox 476 4196 561 4269; x_wconf 91' lang='lat' dir='ltr'><strong>pars</strong></span> <span class='ocrx_word' id='word_1_306' title='bbox 589 4174 654 4248; x_wconf 86' lang='lat' dir='ltr'><strong>illa</strong></span> <span class='ocrx_word' id='word_1_307' title='bbox 677 4190 858 4251; x_wconf 85' lang='lat' dir='ltr'><strong>revocata</strong></span> <span class='ocrx_word' id='word_1_308' title='bbox 886 4190 968 4262; x_wconf 91' lang='lat' dir='ltr'><strong>est,</strong></span> <span class='ocrx_word' id='word_1_309' title='bbox 999 4195 1072 4269; x_wconf 88' lang='lat' dir='ltr'><strong>qua</strong></span> <span class='ocrx_word' id='word_1_310' title='bbox 1095 4168 1334 4246; x_wconf 83' lang='lat' dir='ltr'><strong>sanciebatur</strong></span> <span class='ocrx_word' id='word_1_311' title='bbox 1352 4165 1483 4248; x_wconf 82' lang='lat' dir='ltr'><strong>¹debita</strong></span> <span class='ocrx_word' id='word_1_312' title='bbox 1500 4164 1549 4239; x_wconf 87' lang='lat' dir='ltr'><strong>ab</strong></span> <span class='ocrx_word' id='word_1_313' title='bbox 1566 4164 1675 4263; x_wconf 77' lang='lat' dir='ltr'><strong>Epis·</strong></span> 
     </span>
     <span class='ocr_line' id='line_1_38' title="bbox 381 4272 1673 4375; baseline -0.005 -23"><span class='ocrx_word' id='word_1_314' title='bbox 381 4277 492 4371; x_wconf 81' lang='lat' dir='ltr'><strong>copis</strong></span> <span class='ocrx_word' id='word_1_315' title='bbox 521 4276 647 4373; x_wconf 73' lang='lat' dir='ltr'><strong>exigi,</strong></span> <span class='ocrx_word' id='word_1_316' title='bbox 680 4279 711 4352; x_wconf 92' lang='lat' dir='ltr'><strong>si</strong></span> <span class='ocrx_word' id='word_1_317' title='bbox 737 4276 910 4375; x_wconf 87' lang='lat' dir='ltr'><strong>publicos</strong></span> <span class='ocrx_word' id='word_1_318' title='bbox 941 4274 1132 4350; x_wconf 87' lang='lat' dir='ltr'><strong>debitores</strong></span> <span class='ocrx_word' id='word_1_319' title='bbox 1165 4272 1344 4370; x_wconf 85' lang='lat' dir='ltr'><strong>fugitivos</strong></span> <span class='ocrx_word' id='word_1_320' title='bbox 1373 4285 1601 4366; x_wconf 82' lang='lat' dir='ltr'><strong>protegere,</strong></span> <span class='ocrx_word' id='word_1_321' title='bbox 1634 4283 1673 4346; x_wconf 91' lang='lat' dir='ltr'><strong>et</strong></span> 
     </span>
     <span class='ocr_line' id='line_1_39' title="bbox 377 4370 1672 4475; baseline -0.008 -17"><span class='ocrx_word' id='word_1_322' title='bbox 377 4380 548 4475; x_wconf 70' lang='lat' dir='ltr'><strong>,retinere</strong></span> <span class='ocrx_word' id='word_1_323' title='bbox 577 4382 735 4455; x_wconf 82' lang='lat' dir='ltr'><strong>vellent.</strong></span> <span class='ocrx_word' id='word_1_324' title='bbox 763 4381 906 4457; x_wconf 87' lang='lat' dir='ltr'><strong>Verum</strong></span> <span class='ocrx_word' id='word_1_325' title='bbox 926 4381 1004 4452; x_wconf 91' lang='lat' dir='ltr'><strong>Leo</strong></span> <span class='ocrx_word' id='word_1_326' title='bbox 1035 4376 1141 4473; x_wconf 86' lang='lat' dir='ltr'><strong>ipse,</strong></span> <span class='ocrx_word' id='word_1_327' title='bbox 1176 4391 1340 4471; x_wconf 86' lang='lat' dir='ltr'><strong>quonam</strong></span> <span class='ocrx_word' id='word_1_328' title='bbox 1367 4387 1481 4468; x_wconf 89' lang='lat' dir='ltr'><strong>pacto</strong></span> <span class='ocrx_word' id='word_1_329' title='bbox 1504 4370 1672 4448; x_wconf 87' lang='lat' dir='ltr'><strong>credito-</strong></span> 
     </span>
     <span class='ocr_line' id='line_1_40' title="bbox 381 4474 1703 4591; baseline -0.009 -33"><span class='ocrx_word' id='word_1_330' title='bbox 381 4504 466 4558; x_wconf 80' lang='lat' dir='ltr'><strong>rum</strong></span> <span class='ocrx_word' id='word_1_331' title='bbox 483 4481 693 4561; x_wconf 84' lang='lat' dir='ltr'><strong>conditioni</strong></span> <span class='ocrx_word' id='word_1_332' title='bbox 709 4482 1018 4582; x_wconf 87' lang='lat' dir='ltr'><strong>prospiciendum</strong></span> <span class='ocrx_word' id='word_1_333' title='bbox 1040 4481 1088 4557; x_wconf 89' lang='lat' dir='ltr'><strong>sit</strong></span> <span class='ocrx_word' id='word_1_334' title='bbox 1103 4474 1230 4575; x_wconf 74' lang='lat' dir='ltr'><strong>,ibid</strong></span> <span class='ocrx_word' id='word_1_335' title='bbox 1246 4474 1390 4555; x_wconf 84' lang='lat' dir='ltr'><strong>statuit.</strong></span> <span class='ocrx_word' id='word_1_336' title='bbox 1420 4475 1539 4562; x_wconf 84' lang='lat' dir='ltr'><strong>Porro</strong></span> <span class='ocrx_word' id='word_1_337' title='bbox 1554 4474 1672 4591; x_wconf 57' lang='lat' dir='ltr'><strong>justis</strong></span> <span class='ocrx_word' id='word_1_338' title='bbox 1691 4546 1703 4571; x_wconf 7' lang='grc' dir='ltr'><strong>Α,</strong></span> 
     </span>
    </p>

    <p class='ocr_par' dir='ltr' id='par_1_4' title="bbox 1577 4597 1660 4653">
     <span class='ocr_line' id='line_1_41' title="bbox 1577 4597 1660 4653; baseline -0.012 0"><span class='ocrx_word' id='word_1_339' title='bbox 1577 4597 1660 4653; x_wconf 78' lang='lat' dir='ltr'><strong>nra-</strong></span> 
     </span>
    </p>
   </div>
   <div class='ocr_carea' id='block_1_2' title="bbox 1431 1391 1440 1400">
    <p class='ocr_par' dir='ltr' id='par_1_5' title="bbox 1431 1391 1440 1400">
     <span class='ocr_line' id='line_1_42' title="bbox 1431 1391 1440 1400; baseline 0 0"><span class='ocrx_word' id='word_1_340' title='bbox 1431 1391 1440 1400; x_wconf 58' lang='grc' dir='ltr'><em>κ</em></span> 
     </span>
    </p>
   </div>
   <div class='ocr_carea' id='block_1_3' title="bbox 0 0 2023 5275">
    <p class='ocr_par' dir='ltr' id='par_1_6' title="bbox 0 0 2023 5275">
     <span class='ocr_line' id='line_1_43' title="bbox 0 0 2023 5275; baseline 0 0"><span class='ocrx_word' id='word_1_341' title='bbox 0 0 2023 5275; x_wconf 95' lang='lat' dir='ltr'><strong> </strong></span> 
     </span>
    </p>
   </div>
  </div>
 </body>
</html>
