4034 5275
381 470 459 548 218
718 463 1005 548 Institutionum
1016 466 1286 549 Caunicarirm

318 626 321 633 ·
355 585 482 668 tenta:
494 570 560 650 vei
574 571 616 651 ut
627 569 682 650 ‘ab
698 575 866 651 muneris
879 573 1142 651 Ecclesiastici
1158 595 1276 651 onere
1290 571 1480 650 beneflcio
1496 575 1649 656 adnexo

354 698 396 750 se
408 678 598 767 eximant,
616 677 732 773 ipsius
749 692 878 753 tamen
896 675 1075 751 Beneficii
1096 675 1242 751 reditus
1259 677 1563 774 participantes:
1586 681 1653 757 vel

354 794 397 853 ut
417 783 603 875 majorem
620 777 876 855 Praebendam
894 777 1114 864 obtineant:
1137 776 1406 875 Quodquidem
1419 775 1442 882 (
1449 780 1503 855 ait
1519 780 1653 858 Urba·

355 901 425 956 nus
444 884 495 974 lll
527 883 566 956 iu
585 881 682 979 Cap.
715 902 736 975 ς
769 883 823 967 de,
840 882 987 957 Rerum
1021 877 1332 983 permutatione)
1361 882 1552 958 honestati
1590 899 1654 960 est

351 987 609 1077 sonnatium,
633 999 672 1059 et
691 988 926 1060 simoniacam
941 981 1189 1080 proculdubio
1220 988 1385 1059 continet
1404 990 1655 1079 pravitatem.

408 1109 431 1182 3
460 1087 558 1162 lllud
584 1102 769 1183 preterea
801 1089 929 1164 animo
953 1086 1130 1162 revolvet
1149 1085 1433 1177 Pessinuntius,
1447 1109 1561 1185 gnum
1581 1091 1657 1164 sci·

355 1186 446 1264 licet
461 1188 685 1266 Pensionem
709 1190 827 1266 instar
851 1191 1106 1286 eleemosynae
1134 1187 1331 1286 accipiat,
1357 1212 1405 1264 an
1431 1190 1575 1289 aliquid
1592 1193 1681 1268 in·-

358 1289 407 1364 de
422 1290 779 1368 Ecclesiaesitulatae
798 1293 1071 1369 detrimentum
1087 1291 1307 1383 adferatur,
1327 1314 1377 1366 an
1394 1292 1551 1367 demum
1569 1317 1655 1390 pau·

356 1412 471 1488 peres
498 1418 546 1470 ex
561 1395 742 1470 Beneficii
768 1393 952 1471 reditibus
981 1393 1111 1470 alendi
1140 1395 1242 1469 fame
1274 1409 1462 1490 pereant,
1485 1396 1579 1470 dum
1596 1398 1655 1494 ip·-

357 1516 398 1570 se
429 1498 543 1573 nimis
567 1499 669 1574 laute
699 1520 828 1573 secum
860 1496 965 1596 agiti
995 1496 1128 1573 Paucis
1157 1497 1426 1594 primigeniam
1462 1496 1652 1577 bonorum

356 1592 716 1691 EcclesiastIcorum
742 1599 914 1675 indolem
946 1615 1075 1675 mente
1093 1599 1303 1698 recogitet:
1330 1599 1478 1675 scilicet
1493 1616 1586 1674 vota
1600 1622 1656 1677 er·

356 1721 397 1771 re
422 1704 614 1797 fidelium,
645 1706 872 1800 patrimonia
899 1722 1126 1798 pauperum,
1159 1705 1358 1777 animarum
1389 1700 1652 1780 redemtionem:

299 1832 306 1840 ’
356 1799 448 1897 Syn.
463 1805 669 1879 vernensis
684 1803 776 1880 Can.
788 1825 883 1878 arr..
903 1804 1130 1880 Enimvero
1146 1805 1294 1879 Fideles
1320 1803 1395 1878 suis
1412 1804 1577 1900 propriis
1593 1806 1654 1882 sa·

356 1906 562 1983 cultatibus
581 1907 1006 2003 sanctamlocupletem
1029 1907 1202 1981 fecerunt
1214 1905 1458 1994 Ecclesiam,
1481 1925 1522 1981 ut
1539 1908 1598 1981 his
1613 1922 1654 1985 et

357 2007 498 2087 milites
508 2010 658 2087 Christi
678 2011 896 2101 alerentur,
920 2023 960 2085 et
972 2007 1155 2085 Ecclesiae
1177 2024 1480 2098 exornarentur,
1506 2032 1655 2107 paupe·

356 2134 431 2187 res.
446 2120 739 2206 recrearentur,
765 2127 805 2191 et
831 2112 979 2212 captiui
1006 2135 1078 2210 pro
1109 2129 1327 2209 temporum
1358 2114 1653 2214 opportunitate

358 2216 649 2295 redimerentur.
951 2232 956 2245 “
1043 2284 1045 2289 ,
1117 2270 1120 2276 -
1300 2249 1303 2256 ·
1549 2240 1552 2246 ·

364 2340 436 2412 124
462 2321 598 2416 Neque
632 2315 684 2393 ob
714 2320 826 2416 Papae
845 2321 931 2396 ,hac
961 2321 1000 2394 in
1027 2342 1077 2395 *re
1109 2317 1434 2415 dispensationem
1471 2318 1653 2399 immunis

356 2418 429 2493 erit
447 2423 605 2518 dculpu
620 2421 912 2514 pensionarius,
941 2444 1057 2522 quum
1076 2425 1192 2516 justas
1207 2419 1372 2497 defuerit
1395 2442 1538 2501 causa:
1569 2435 1654 2497 tum

356 2523 444 2621 quia
461 2537 516 2601 u't
533 2524 662 2614 ,docet
678 2523 716 2598 S.
730 2524 900 2600 Thomas
915 2524 1089 2602 Secunda
1105 2524 1287 2601 Secundae
1303 2524 1448 2614 Quaest.
1464 2522 1511 2599 C.
1535 2538 1609 2598 art.
1631 2540 1651 2598 r

355 2627 473 2727 adp:
505 2627 691 2728 Quamuis
715 2651 778 2702 res
795 2626 979 2722 Ecclesiae
1005 2631 1084 2705 sint
1106 2627 1219 2730 ejus,
1253 2641 1295 2702 ut
1316 2625 1543 2721 principalis
1574 2625 1655 2701 dis·

353 2734 592 2825 pensatorirs,
613 2754 681 2806 nou
702 2744 822 2805 tamen
844 2747 930 2805 sunt
950 2733 1030 2833 ejus
1046 2769 1070 2822 ,·
1085 2749 1126 2806 ut
1149 2728 1283 2803 domini
1298 2737 1315 2817 ,'
1342 2741 1381 2804 et
1408 2732 1651 2823 possessoris.

358 2830 487 2922 Quare
519 2835 574 2908 uti
607 2835 721 2908 docet
742 2831 861 2909 Card,
877 2834 1033 2909 Tolerus
1055 2830 1197 2909 Lib.V
1222 2833 1271 2905 de
1293 2836 1470 2915 instruct.
1497 2832 1655 2914 Sacerdr

356 2958 444 3032 cap.
461 2936 509 3033 83
526 2989 541 3026 ,
571 2939 633 3032 qui
648 2936 848 3010 Penrirnes
863 2939 1025 3011 retinent
1042 2991 1055 3027 ,
1075 2938 1287 3011 etiamnum
1307 2932 1656 3027 dispensatione,·si

355 3061 425 3111 uon
440 3036 552 3116 adest
581 3058 695 3112 causa
719 3039 916 3135 legitima,
949 3044 1070 3113 securi
1098 3060 1166 3110 non
1195 3051 1311 3124 sunt,
1332 3057 1396 3108 nec
1411 3049 1652 3128 excusantur,

356 3141 445 3234 quin
460 3138 565 3235 Papa
581 3139 710 3230 dedit,
731 3159 768 3215 er
784 3146 944 3234 ipsarum
958 3155 1017 3213 ert
1032 3136 1289 3227 considerare,
1309 3134 1476 3230 quomodo
1491 3136 1650 3216 dederit.

357 3240 456 3317 Tum
485 3242 630 3333 etiam,
653 3242 862 3340 quod-fieri
887 3256 1037 3340 potest,
1066 3256 1108 3315 ut
1133 3239 1268 3317 Pensio
1288 3241 1390 3331 =juste
1414 3238 1656 3338 dSuperiore

359 3348 610 3422 concedatur.
625 3362 739 3444 quam
754 3362 883 3420 tamen
898 3343 1162 3422 pensionarius
1179 3346 1315 3436 injuste
1332 3342 1487 3437 accipit.
1519 3413 1521 3417 .
1548 3387 1551 3392 ·
1624 3421 1626 3427 ,
1647 3425 1650 3430 ,

412 3468 432 3542 ς
462 3450 643 3523 Tandem
655 3447 693 3521 in
712 3446 956 3522 Pensiouario
980 3469 1084 3543 aeque
1101 3468 1150 3518 ac
1165 3446 1204 3518 in
1222 3444 1471 3520 Beneficiario
1484 3443 1657 3522 clerica·

359 3562 420 3624 tus
436 3552 662 3647 requiritur3
685 3565 799 3646 atque
816 3551 913 3625 adeo
930 3548 1192 3623 Pensionarius
1210 3536 1546 3644 teneturbiioiidie
1559 3547 1657 3623 Offi-

360 3652 534 3728 cium-B.
570 3654 626 3725 M.
662 3651 708 3725 V.
741 3652 929 3727 recitare:
964 3651 1048 3723 Pius
1069 3648 1105 3722 V
1134 3651 1173 3721 in
1190 3648 1353 3722 Constit.
1375 3653 1494 3749 Quum
1524 3670 1656 3725 sacro·

359 3774 491 3832 sancta
520 3757 558 3829 in
578 3752 691 3829 Bulla
703 3756 749 3829 R.
768 3778 804 3827 n.
822 3775 885 3851 92.
916 3753 1083 3850 lndeque
1114 3752 1299 3849 coliigunt
1319 3752 1538 3828 Carrouistae
1557 3753 1657 3829 Pen-

360 3859 505 3934 sionem
526 3884 629 3958 aeque
647 3882 693 3932 ac
710 3856 938 3931 Beneficium
968 3879 1035 3952 per
1062 3873 1302 3929 contractum
1333 3856 1655 3932 matrimonialem

353 3955 558 4059 'e'xtinguir
604 3961 717 4060 idque
753 3982 820 4034 usu
851 3961 997 4035 servari
1033 3959 1151 4033 tradit
1184 3954 1305 4054 Gigas
1342 3960 1385 4033 de
1413 3957 1656 4034 Pensionibur

402 4080 509 4139 uaest.
530 4084 592 4156 54.
1009 4130 1013 4135 .
1066 4123 1069 4132 .
1209 4146 1213 4152 ³
1463 4106 1467 4112 -
1544 4143 1550 4154 ¹

361 4063 458 4241 ρΧ.
489 4168 653 4240 Demum
693 4166 958 4242 auctoritatem
1003 4164 1105 4260 quod
1149 4178 1327 4260 spectat,
1353 4166 1439 4256 jure
1467 4165 1656 4243 hodierno

361 4269 563 4345 Pensiones
597 4270 745 4344 nonnisi
775 4270 864 4343 ait.
882 4267 1063 4345 Pontifice
1094 4268 1240 4360 imponi
1270 4291 1380 4363 posse
1401 4271 1550 4363 ¹passim
1582 4272 1680 4343 do·—

360 4388 451 4448 cent
467 4370 699 4445 Canonistae.
730 4374 781 4445 At
805 4396 879 4446 non
913 4375 1075 4461 desunt,
1106 4372 1169 4468 qui
1192 4373 1307 4448 etiam
1323 4370 1545 4469 Episcopis,
1577 4374 1656 4446 sal·

361 4488 441 4551 tem
472 4472 641 4547 certinin
656 4474 890 4571 speciebus,
922 4478 1085 4554 eandem
1102 4475 1300 4583 vindicant
1315 4490 1546 4579 potestatem
1564 4497 1658 4572 quo·

1134 4638 1139 4646 .
1569 4600 1658 4653 rum
