4034 5275
390 477 443 530 oo
716 443 1283 537 Institutioiruui'Cononicar'rtm
1387 554 1389 558 y

361 557 458 655 quod
472 590 474 594 ·
489 556 549 636 etl
565 586 591 636 t·
612 557 733 650 Credo
756 568 796 639 in
808 563 927 638 Deum
946 565 1098 640 Patrem
1115 556 1412 659 omnipotentem
1431 556 1448 653 ',
1461 578 1464 583 ·
1479 554 1662 658 spetiali-

363 677 423 740 ter
441 663 716 768 doceantur.l*)
735 665 911 764 Symboli
936 669 1203 742 recitationem
1229 690 1274 740 ex
1301 683 1475 761 tempore
1497 666 1661 765 excipie-

363 764 431 846 bat
446 768 642 846 Orationis
669 772 882 846 Dominicae
918 771 1106 845 institutio
1132 827 1139 859 ,
1167 771 1270 845 dicta
1302 768 1439 846 Oratio
1473 769 1686 862 fidelium,

364 872 506 970 quippe
532 898 614 972 quae
638 873 661 947 d
686 875 776 949 solis
801 874 1008 970 baptizaris
1037 871 1213 949 adhiberi
1239 888 1402 969 poterat.
1433 873 1581 946 Adlraec
1600 896 1661 971 ap·

365 989 424 1048 tas
453 977 713 1051 edocebantur
744 978 1008 1074 responsiones
1027 1034 1037 1068 ,
1063 976 1197 1075 quibus
1214 976 1251 1049 iu
1269 974 1459 1071 baptismo
1475 977 1661 1052 utendum

362 1077 545 1168 erat,.ubi
562 1078 610 1154 ab
630 1078 821 1177 Episcopo
840 1136 852 1170 ,
874 1083 937 1154 vel
956 1079 1185 1178 Presbytero
1203 1077 1423 1175 baptizante
1448 1078 1661 1177 interroga*

365 1177 517 1257 bantur.
539 1184 736 1258 Postremo
753 1185 898 1281 aliquot
917 1200 1006 1258 aute
1022 1181 1253 1279 baptismum
1273 1180 1405 1255 diebus
1423 1181 1662 1258 velati-iuce-

365 1282 526 1375 debant,
544 1304 582 1361 et
601 1289 638 1359 in
657 1285 844 1384 aliquibus
863 1288 999 1362 saitem
1018 1286 1199 1367 Ecclesiis
1217 1287 1425 1360 eorundem
1449 1301 1529 1358 tum
1548 1308 1660 1367 aures

364 1388 648 1485 tangebantur,
682 1390 773 1486 ipsis
797 1390 1203 1485 dicendoEphphetc,
1236 1406 1316 1463 tum
1347 1387 1447 1462 oculi
1476 1387 1556 1462 luto
1588 1389 1663 1466 illi·

361 1488 579 1578 uiebautur.
608 1491 804 1586 Ejusmodi
837 1495 1061 1568 methodum
1083 1494 1148 1566 vix
1170 1492 1358 1566 indicasse
1374 1491 1465 1565 satis
1481 1508 1584 1584 esto,
1610 1494 1661 1568 de
1706 1573 1714 1579 ,

365 1595 502 1669 eadem
517 1595 738 1693 exquisitius
753 1596 792 1669 in
810 1597 948 1670 nostris
958 1593 1275 1693 Antiquitatibus
1288 1595 1536 1670 Christianis.
1555 1637 1558 1645 ·
1689 1643 1694 1649 -

369 1724 374 1772 ε
414 1697 726 1773 >rittodum
758 1699 872 1796 igitur
903 1701 1028 1788 ritus,
1060 1714 1100 1773 et
1117 1698 1400 1787 coeremonias,
1431 1721 1521 1794 quas
1539 1699 1659 1777 hodie

362 1797 402 1874 iu
421 1796 651 1895 baptismate
668 1801 901 1876 conserendo
916 1802 1116 1876 observari
1134 1800 1307 1897 praecipit
1325 1799 1516 1890 Ecclesia,
1541 1814 1659 1880 tantae

363 1921 446 1974 esse
474 1903 735 2000 antiquitatis,
775 1921 816 1980 ut
852 1905 1279 1980 eorundem'institutio
1309 1904 1443 1977 saltem
1473 1921 1659 1999 exparte

362 2003 595 2098 Apostolicae
615 2007 811 2080 traditioni
835 2023 940 2084 recte
964 2009 1171 2083 deleratur.
1187 2007 1346 2082 Tertull.
1365 2002 1661 2083 demuntur

362 2103 426 2181 lit.
443 2106 569 2206 Cap.3
589 2164 600 2198 ,
630 2109 788 2184 Basilius
800 2109 847 2186 de
864 2113 934 2206 Sp.
951 2110 996 2184 S.
1011 2129 1095 2207 cap.
1113 2131 1175 2210 27.
1204 2105 1391 2210 (**)Tum
1410 2124 1448 2182 et
1466 2110 1660 2188 chrisma-

360 2220 402 2284 te
431 2228 564 2285 vertex
593 2207 779 2307 baptizati
811 2211 1094 2311 inungebatur,
1120 2215 1223 2310 quod
1243 2212 1401 2310 singulis
1416 2213 1525 2285 aunis
1542 2232 1660 2289 reno.

365 2313 534 2386 vandum
549 2328 615 2386 est
634 2335 680 2386 ex
702 2315 925 2410 praescripto
940 2316 1113 2391 Pontific.
1125 2315 1238 2388 Rom.
1253 2332 1292 2390 et
1311 2315 1401 2412 Syn.
1420 2314 1660 2396 Vallis-oleti

365 2410 459 2508 Cap.
477 2416 519 2486 X
523 2414 573 2487 V
576 2415 611 2488 I.
623 2410 681 2516 (*)
700 2418 786 2508 Qua
816 2420 865 2491 de
897 2441 939 2493 re
961 2419 1151 2514 piaculum
1176 2419 1333 2493 omniuo
1359 2434 1445 2506 est,
1476 2418 1539 2493 vel
1570 2419 1662 2496 illas¹

363 2516 634 2607 omittere,vel
652 2541 731 2592 non·
746 2542 810 2608 ea,
824 2544 906 2617 quae
925 2538 1073 2596 tanturn
1092 2522 1317 2618 mysterium
1330 2521 1462 2610 decet,
1474 2542 1663 2599 reveren-t

363 2619 420 2697 tia
444 2619 641 2697 adhibere.
673 2621 752 2697 Ubi
773 2624 981 2723 contigerit
1004 2626 1192 2704 infantem
1216 2622 1266 2699 ob
1291 2625 1422 2699 mortis
1441 2623 1655 2719 periculum

362 2724 471 2818 domi
485 2723 724 2820 baptizatum
744 2730 1010 2821 supervivere,
1033 2729 1083 2801 ad
1097 2727 1312 2802 Ecclesiam
1327 2727 1573 2804 adducendus
1584 2746 1655 2823 est,

362 2839 405 2904 ut·
419 2828 551 2903 omissi
568 2829 662 2902 ritus
679 2826 939 2921 celebrentur,
954 2830 994 2904 id
1012 2831 1114 2929 quod
1128 2847 1236 2906 vetus
1251 2830 1521 2905 Ecclesiastica
1538 2833 1657 2908 tradi-¹¹

361 2929 418 3004 tio
447 2933 590 3020 docet,
622 2946 661 3005 et
680 2931 899 3031 ¹Synodales
931 2931 1234 3009 Constitutiones
1265 2931 1526 3029 praescribunt.
1560 2934 1658 3033 Syn:

360 3030 530 3113 Dioeces.
550 3036 677 3129 Neap.
698 3057 762 3121 an.
784 3034 884 3131 1669
911 3034 955 3110 de
980 3037 1178 3132 Baptistae
1199 3033 1294 3131 Cap.
1327 3058 1348 3133 3
1375 3035 1572 3109 decernit:¹
1601 3037 1658 3113 Sc

351 3135 459 3229 forte
489 3152 585 3217 metu
614 3139 747 3209 mortis
772 3135 993 3232 baptizatus
1016 3139 1189 3213 celeriter
1222 3138 1348 3233 lufaus
1379 3138 1496 3214 domui
1509 3138 1660 3234 fueriti·

285 3244 288 3248 ’
362 3247 529 3335 recteque
544 3237 673 3328 deinde
689 3242 942 3329 convaluerit,
963 3240 1015 3315 ad
1028 3242 1194 3337 reliquas
1210 3241 1395 3315 Ecclesiae
1413 3244 1661 3320 ceremoniae

358 3344 614 3438 suscipiendas
635 3360 776 3418 mature
800 3346 839 3416 in
855 3344 1064 3419 Ecclesiam
1084 3341 1292 3437 deferatur.
1312 3339 1393 3445 (**)
1401 3342 1450 3418 Et
1466 3342 1559 3440 Syn.
1575 3343 1659 3422 Vei-².

358 3439 452 3519 lent.
467 3445 566 3522 Sess.
580 3450 614 3521 ll
632 3446 707 3519 Tit.
721 3448 758 3519 ll
774 3469 859 3540 cap.
875 3468 902 3539 4
918 3470 928 3518 ε
957 3446 1247 3521 Parochus...›.si
1263 3462 1373 3548 certo·
1387 3446 1570 3543 colligat,
1583 3452 1585 3456 ’
1599 3444 1672 3523 itt-'s

349 3544 501 3637 fantem
529 3569 615 3623 vere
638 3546 869 3642 baptizatum
879 3546 1034 3641 fuisse,
1057 3563 1193 3623 caveat
1211 3572 1251 3624 nt
1268 3549 1503 3644 Baptismum
1515 3531 1660 3729 Ἤρ

355 3649 629 3726 Catechismum
653 3669 803 3740 tamen,
830 3654 1031 3726 unctionem
1050 3652 1146 3742 clei,
1178 3666 1217 3725 et
1238 3650 1477 3744 chrismatis,
1493 3662 1575 3727 eta
1635 3676 1658 3748 ,²-

353 3754 527 3857 quejam
543 3753 741 3852 baptizato
755 3760 946 3831 convenire
959 3768 1130 3849 possunt,
1140 3749 1382 3856 peragat«(*)
1655 3763 1659 3768 ’

730 4007 732 4009 -
782 3916 790 4008 s
836 3970 838 3973 ’
864 3957 928 4037 De
943 3960 1131 4038 Petrinis.

373 4120 533 4247 sumu.
546 4167 613 4245 De
629 4169 804 4245 Petrinis
819 4168 928 4262 Juvat
943 4189 1064 4264 pauca
1082 4163 1324 4242 subnectere:
1341 4189 1386 4242 ac
1403 4166 1534 4264 primo
1545 4167 1658 4247 olim'·

319 4261 585 4370 drimiaco,
617 4273 905 4373 Fidejusscres,
938 4270 1004 4346 aut
1035 4270 1151 4345 etiarn
1179 4268 1518 4346 Fidei-dictatores
1543 4273 1660 4350 dieti}

351 4374 437 4451 sunt
451 4430 464 4468 ,
480 4376 629 4477 quippe
656 4376 786 4475 quide
802 4376 894 4465 fide,
909 4391 949 4451 et
966 4372 1168 4450 sufficienti
1185 4374 1546 4456 catechumenorum
1565 4375 1648 4451 ins·-

349 4477 539 4620 tpust‘ioue
569 4482 816 4588 sponderent.
838 4478 911 4593 Uti
935 4500 1082 4581 quoque
1103 4476 1307 4559 interdum
1323 4471 1539 4573 &sibrectu-
1566 4479 1659 4658 atq-„-

372 4625 413 4653 ,-,
445 4607 462 4672 'p
795 4602 819 4631 -1
1506 4620 1509 4625 -
1526 4595 1605 4681 *pe
1619 4624 1636 4642 .
