4034 5275
375 491 426 575 po
718 479 998 560 Institutionum
1024 476 1290 558 canonicarum
1389 575 1393 581 ⁴

721 735 1100 816 TITULUS
1180 731 1278 814 Vll.

605 989 670 1075 De
693 993 939 1074 Sacramenta
968 994 1164 1072 Extremae
1193 993 1405 1072 Unctionis.

380 1300 412 1375 l.
437 1233 664 1379 Extrema
680 1303 884 1380 Unctionis
902 1303 1093 1380 ministros
1112 1302 1235 1378 Sacra
1257 1301 1411 1378 Litterae
1432 1291 1574 1394 Jacobs
1599 1291 1648 1370 V

358 1422 399 1476 a.
431 1425 479 1499 ¹4
505 1406 606 1481 solos
636 1406 882 1504 Presbyteros
910 1423 1042 1504 aperte
1076 1407 1267 1503 produnt,
1298 1418 1414 1479 etex
1437 1400 1644 1475 traditione

350 1501 539 1580 Ecclesiae
573 1509 721 1588 nonnisi
753 1510 971 1600 Parochos,
1001 1508 1066 1584 vel
1090 1512 1169 1602 ejus
1190 1506 1393 1622 delegatos
1419 1493 1572 1577 illam
1555 1515 1640 1594 June

353 1608 610 1686 administrat.
642 1610 851 1708 Regulares
879 1609 948 1684 sub
976 1633 1091 1706 poena
1116 1603 1524 1684 excommunicationis
1553 1604 1641 1678 latae

354 1714 577 1803 sententia,
601 1727 640 1785 et
660 1713 747 1787 Sedi
767 1714 998 1808 Apostolicae
1028 1726 1257 1801 reservatae,
1280 1723 1458 1784 vetantur
1481 1709 1557 1779 hoc
1572 1695 1640 1778 Sa·

355 1829 594 1887 crumentum
618 1795 806 1904 Clericis,
836 1814 898 1890 vel
927 1815 1034 1887 laicis
1063 1814 1302 1887 ministrare:
1314 1808 1527 1885 Clement.
1552 1805 1663 1884 ide.

327 1942 330 1950 ¹
352 1909 493 1986 Prioil.
466 1914 625 2011 lApnd
637 1914 794 1990 Graecos
813 1937 918 1990 more
934 1915 984 1990 ab
998 1914 1172 1990 Ecclesia
1192 1913 1330 1988 Latina
1352 1929 1547 2007 nunquam
1564 1907 1639 1983 im·

353 2002 542 2134 probato,
576 2040 649 2092 non
666 2016 859 2135 Episcopi
882 2019 1025 2106 modo,
1052 2038 1187 2093 verum
1212 2029 1253 2090 et
1283 2012 1450 2111 simplici
1475 2009 1642 2110 Pnesby
1669 2024 1672 2029 ’

354 2119 455 2206 teri,
482 2142 529 2193 ac
547 2121 782 2214 potissimum
800 2121 986 2207 Patochi,
1009 2120 1165 2195 Sacrum
1182 2116 1323 2193 Oleum
1340 2115 1575 2203 conficiunt,
1594 2136 1642 2194 ae

354 2213 609 2293 benedicunt:
636 2219 782 2295 Goar
760 2245 796 2296 rn
818 2224 935 2295 Notis
953 2223 1002 2294 nd
1023 2220 1179 2292 Ritrrale
1195 2219 1420 2293 Graecorum.
1439 2217 1614 2291 Verum
1602 2239 1642 2293 ta

354 2310 528 2393 Ecclesia
557 2322 692 2394 Latina
712 2345 758 2396 ex
781 2323 1041 2437 antiquissima
1069 2320 1341 2395 consuetudine
1363 2319 1515 2419 nonnisi
1504 2315 1642 2415 Epis·

355 2421 444 2514 copi
464 2420 564 2494 hanc
588 2421 954 2512 Consecrationem,
986 2423 1068 2497 sive
1099 2422 1413 2496 Benedictionem
1442 2408 1643 2525 peragunt.

407 2523 455 2597 li.
482 2522 666 2599 Extrema
694 2525 836 2599 Unctio
865 2524 1091 2624 quibusnam
1124 2524 1376 2598 ministranda
1399 2522 1451 2598 sit
1473 2520 1645 2619 perbelle

354 2626 512 2736 exponit
539 2630 554 2701 l
578 2628 669 2726 Syn.
695 2628 807 2702 Prov
834 2629 958 2725 Neap.
982 2652 1069 2724 cap.
1094 2627 1166 2701 18:
1192 2629 1398 2701 Utanrern
1418 2623 1643 2700 Sacramen-

274 2733 278 2741 '
356 2732 432 2803 rum
455 2730 523 2804 boc
543 2753 651 2825 neque
675 2728 776 2805 snnis
798 2749 949 2824 corpore
974 2728 1256 2826 ministrandum
1279 2744 1367 2817 est,
1389 2749 1454 2801 neo
1466 2726 1645 2827 jamjam

355 2829 580 2923 ingressuris
616 2853 716 2905 rnnre
759 2842 945 2907 uentorum
982 2836 1024 2906 ui
1054 2830 1273 2920 turbatum,
1307 2852 1384 2904 nec·
1396 2830 1527 2923 paullo
1556 2841 1642 2923 post
1682 2915 1688 2928 .

351 2933 522 3029 praelirrrn
552 2937 825 3022 contraductis,
855 2957 916 3009 nec
940 2936 1064 3029 capite
1091 2933 1303 3018 damnatis,
1331 2931 1569 3027 necdeniqne
1588 2934 1643 3025 in

348 3029 529 3125 sontibus
559 3039 707 3108 nondun
730 3039 892 3111 rationis
916 3061 982 3109 asu
1007 3035 1211 3133 praedr'tis:
1239 3038 1301 3105 ita
1323 3057 1432 3129 neque
1459 3036 1520 3107 eis.
1536 3034 1644 3109 derre-

352 3134 511 3231 gnndnn
526 3150 585 3210 est
601 3192 613 3224 ,
630 3135 760 3231 qnibns
775 3192 787 3229 ,
803 3137 996 3228 mortifero
1014 3139 1161 3214 uulnere
1178 3150 1328 3229 accepto
1344 3190 1355 3225 ,
1372 3136 1503 3210 mortis
1523 3136 1658 3236 immi-3

356 3254 419 3314 ner
440 3237 665 3333 pericnlum,
694 3242 776 3312 sive
805 3248 1076 3334 superveniente
1096 3238 1208 3344 febre
1227 3241 1418 3333 correpti,
1447 3242 1529 3311 sive
1555 3235 1645 3309 ont·

355 3364 439 3417 nere
458 3336 639 3415 tantane
657 3344 743 3414 vita
762 3341 965 3431 decedant,
986 3345 1062 3417 etsi
1079 3363 1143 3415 nec
1158 3355 1316 3436 peccata
1332 3338 1558 3430 confessione
1573 3360 1646 3412 rx-

351 3448 490 3535 pinre,
516 3468 579 3517 nec
604 3443 952 3517 Eucharistiaml
911 3455 952 3514 su
955 3467 1049 3517 mere
1069 3459 1293 3536 potnerunt,
1324 3441 1423 3515 rnodo
1440 3456 1562 3513 tannen
1583 3461 1646 3514 os·

270 3582 274 3590 f
353 3544 540 3617 tenderin't
558 3546 667 3639 signa
681 3546 923 3661 poenirentiae.
944 3546 1041 3615 Tum
1064 3544 1157 3618 ibid.
1179 3545 1360 3617 Pasochis
1385 3523 1572 3629 mandat,
1599 3556 1643 3617 ut

356 3657 528 3742 ae'groto,
561 3647 651 3717 dum
686 3646 850 3741 integris
881 3661 939 3718 est
970 3643 1166 3734 sensibus,
1199 3647 1292 3719 illud
1322 3643 1553 3731 c6nlerant,
1580 3667 1644 3719 nec

352 3749 394 3822 in
415 3770 492 3822 earn
515 3762 576 3819 nrt
562 3745 712 3821 ticulum
740 3750 911 3841 temporis
932 3744 1160 3838 diffirnrnr,
1189 3750 1228 3819 in
1255 3771 1382 3843 quoin
1410 3767 1508 3818 rmus
1537 3763 1644 3818 sensu

353 3855 447 3926 omni
475 3864 608 3937 caret,
636 3867 767 3966 speque
798 3852 1064 3943 recuperandas
1082 3855 1284 3924 sanitatis.
1308 3745 1504 3950 (μζρυο
1529 3863 1644 3943 pacto

356 3904 608 4024 ministrandi
637 3952 710 4039 sit,
738 3973 784 4024 ac
807 3974 970 4070 quanam
993 3954 1206 4026 reverentia
1229 3952 1384 4027 Sacrum
1410 3951 1551 4025 Oleum
1572 3951 1644 4023 de·

351 4053 464 4137 ferri,
481 4047 732 4142 contrectari,
750 4070 789 4127 et
805 4076 948 4128 servani
938 4050 1105 4128 debeat
1121 4056 1265 4149 optime
1283 4053 1450 4149 expresit
1468 4052 1644 4125 Andreas

354 4148 588 4229 Alb-alatus
577 4154 796 4229 inconstit.
813 4155 906 4232 Svn
923 4156 1080 4229 Valent.
1102 4177 1163 4229 an.
1189 4176 1283 4253 1355
1310 4157 1473 4231 Constit.
1496 4153 1552 4227 de
1564 4152 1644 4227 En*

353 4272 476 4331 trema
505 4256 718 4331 Unctione·
747 4257 923 4330 Omnibus
950 4260 987 4329 in
1017 4257 1241 4353 nigritudine
1262 4259 1483 4331 constitutis
1506 4258 1644 4330 tradet-

352 4376 417 4434 tur
444 4359 470 4432 d
496 4358 790 4447 Sacerdotibus,
817 4374 855 4435 et
881 4362 919 4432 in
949 4360 1044 4433 Eccl
1043 4362 1134 4433 asiis
1139 4361 1301 4455 publice
1322 4356 1579 4453 preadicatur,
1598 4376 1646 4436 et

349 4466 389 4537 in
410 4462 553 4539 Sancto
575 4461 635 4539 die
652 4457 766 4557 Joais
778 4461 937 4594 quilibet
959 4461 1146 4539 Sacerdos
1163 4462 1404 4539 Parocbinlr‘s
1420 4464 1556 4537 mittat
1568 4479 1640 4554 pro

401 4611 408 4628 .
1547 4564 1675 4637 Oleo¹
