4034 5275
425 480 501 558 108
764 482 1047 557 Institutionum
1065 477 1331 558 Canonicnrtnn

404 584 448 660 de
466 586 639 662 Sacram.
656 585 834 661 Matrim.
853 581 931 684 (**)
944 582 1018 656 Sed
1050 585 1335 685 uniuscujusque
1360 584 1437 661 loci
1459 585 1700 664 consuetudo

406 691 593 764 servanda
622 683 756 791 est.(*)

405 850 409 859 .
458 787 614 894 (**)1x.
641 789 881 884 Quibusdam
916 801 1046 863 tamen
1079 789 1349 885 spectatissimi
1393 791 1559 866 nominis
1596 791 1705 867 viro-

406 915 491 969 rum
521 895 644 970 viduis
666 893 935 990 Hispaniarum
961 889 1138 967 Ecclesia
1171 895 1356 968 secundas
1387 894 1537 991 nuptias
1566 895 1703 990 prohi-

408 992 499 1072 bere
530 997 729 1084 decrevit,
764 1018 809 1069 ea
840 992 1009 1068 fortassis
1043 995 1092 1068 de
1125 1017 1268 1085 causa,
1296 1012 1336 1069 ut
1367 999 1568 1070 honestam
1602 1018 1703 1091 praeg

408 1099 581 1174 cedentis
604 1098 732 1174 mariti
756 1096 983 1172 memoriam
1017 1096 1176 1172 illaesam
1207 1104 1417 1183 servarent.
1431 1097 1525 1197 Syn.
1538 1097 1703 1173 Toleni

408 1197 502 1277 Can.
514 1223 648 1278 anm
669 1200 983 1296 Episcoporum,
1011 1198 1357 1298 presbyterorum,
1379 1215 1419 1274 et
1435 1199 1701 1295 Diaconorum

404 1304 544 1380 viduas
568 1303 808 1378 continentes
833 1323 1114 1397 perseverareJ
1105 1304 1207 1376 ussit
1235 1300 1304 1391 sub
1327 1325 1444 1398 poena
1474 1323 1701 1379 excommu-

404 1405 612 1480 nicationis
639 1405 690 1481 ad
720 1419 934 1479 extremum
963 1425 1080 1500 usque
1106 1401 1196 1478 vitae
1225 1417 1404 1500 tempus,
1436 1403 1491 1479 ita
1514 1418 1556 1478 ut
1588 1400 1702 1503 biga,

409 1509 495 1583 miae
522 1510 648 1606 legem
678 1507 720 1581 i
730 1507 823 1582 viris
842 1508 892 1580 ad
915 1528 1053 1580 uxores
1080 1506 1352 1581 transtulerint.
1370 1505 1463 1603 Spu.
1475 1506 1601 1581 Tolet.
1607 1506 1700 1582 nni

405 1608 499 1686 Can.
517 1633 554 1684 ν.
596 1611 745 1707 Regum
775 1608 893 1683 etiam
917 1608 1040 1682 ¹uiduis
1068 1623 1188 1683 totam
1219 1608 1374 1683 alterius
1401 1607 1570 1705 conjugii
1581 1620 1701 1705 spem

403 1713 567 1787 ademit.
556 1712 707 1810 mais
736 1714 858 1800 enim,
884 1709 967 1798 ait,
994 1713 1248 1805 aequanimiter
1262 1709 1375 1802 ferat
1395 1708 1699 1811 defunctiRegir

405 1817 589 1916 conjugem
618 1816 730 1887 etium
743 1762 979 1889 Successori}
999 1812 1116 1888 alieno
1135 1811 1359 1907 postmodum
1374 1813 1544 1887 cannono
1558 1812 1701 1890 utri-...0

408 1917 541 2015 Quid
561 1937 648 2013 engo
684 1917 719 1986 si
752 1918 955 1988 moriuntur
975 1912 1193 2008 Principes,
1232 1913 1402 2008 numquid
1427 1913 1715 1991 inhonorandas·

403 2025 617 2114 relinquant
646 2020 706 2089 sni
734 2019 901 2111 corporis
914 2015 1075 2110 portasi
1102 2016 1217 2107 Quod
1238 2017 1393 2115 quidem
1424 2018 1700 2094 consuetudine
1729 2042 1732 2047 ·

406 2122 557 2216 potius,
587 2143 703 2216 quam
730 2119 902 2216 legibus,
935 2134 1059 2192 ratum
1078 2119 1296 2194 hodiedum
1327 2115 1486 2195 obtinet.
1504 2118 1596 2216 Syn.
1613 2118 1700 2215 0²?

402 2237 614 2319 saraugust.
626 2223 678 2295 iil
696 2242 758 2294 an.
769 2222 841 2336 69}
860 2219 991 2292 Cana
1002 2221 1224 2314 praedictam
1239 2221 1433 2296 Toletanae
1451 2221 1697 2299 Sanctionem

405 2325 638 2412 confirmat,
668 2322 758 2417 quin
784 2323 900 2395 etiam
924 2338 962 2393 et
982 2322 1020 2394 in
1040 2321 1232 2396 Coenobio
1248 2322 1451 2421 virginum
1470 2324 1699 2419 mancipatis

406 2426 496 2500 dam
520 2446 609 2496 esse
641 2439 786 2497 censuit
800 2424 916 2520 Regis
937 2421 1133 2514 Viduam,
1165 2440 1206 2499 ut
1233 2422 1338 2517 infra
1357 2425 1700 2505 clomannorum

401 2530 500 2608 terii
514 2528 608 2629 jugi
623 2525 741 2600 sednl'
727 2541 825 2599 itate
841 2525 1073 2620 persistens,
1095 2541 1205 2624 atque
1222 2528 1549 2610 Sanctimoninlem
1575 2530 1699 2609 vitam

400 2643 615 2726 peragens,
640 2628 683 2705 de'
700 2626 829 2723 Regno
846 2629 1089 2726 tenporali...
1092 2631 1156 2706 md
1172 2629 1339 2729 Regnum
1369 2624 1677 2776 aeternitatis
1616 2653 1699 2708 ne

401 2745 535 2808 rentur
543 2734 750 2828 peruenire.
758 2730 797 2832 (*
798 2728 814 2831 )
1359 2803 1363 2812 .
