4034 5275
411 493 494 582 '1'4'4
524 575 529 581 ¹
731 472 1014 565 Institutionum
1032 476 1303 591 Canonirdrtltn

386 589 806 690 vsequutis't'einporibus
823 596 901 667 Leo
918 592 970 667 lV
989 591 1063 688 Ep.
1080 592 1125 666 de
1142 592 1244 667 Cura
1261 587 1473 666 PostoraIiI
1489 585 1691 669 Hib'cma'-

388 708 453 766 rus
469 695 667 768 Remensis
686 695 856 790 Capit.I
881 714 964 790 cop.
985 717 1057 785 12,
1091 713 1129 770 et
1150 695 1238 767 III
1255 715 1337 797 rap.
1353 717 1396 786 2,
1419 695 1608 770 Honorius
1627 694 1686 772 111

389 792 545 894 Cop.13
566 797 609 871 de
628 799 775 892 Sepult.
807 815 846 872 et
863 796 1039 871 concilia
1058 797 1312 872 Prouincialia
1344 820 1413 894 per
1440 819 1485 871 ea
1505 812 1687 894 tempora

378 897 546 988 habita,
574 900 785 997 quinimmo
804 901 1025 997 Alexander
1045 902 1099 975 lll
1122 898 1214 994 Cap.
1231 901 1281 989 8,
1314 915 1353 974 et
1384 898 1483 998 9·de
1513 903 1688 976 Sinonia

368 1004 551 1074 ,eandem
583 1024 651 1075 ceu
685 1002 935 1077 simoniacam
952 1003 1138 1076 damnat.
1155 1003 1348 1076 -Attamen
1373 1023 1562 1099 nunquam
1583 998 1688 1077 veti-

389 1114 470 1175 tum
499 1103 568 1176 fuit
593 1121 848 1198 spontaneas,
876 1103 938 1179 vel
962 1101 1012 1178 ab
1036 1104 1125 1205 ipsis
1154 1105 1341 1178 defunctis
1364 1105 1534 1192 relictas,
1549 1102 1615 1197 uel
1631 1103 1684 1181 ab

381 1204 606 1277 baredibus
630 1206 789 1280 collatas
821 1203 1035 1280 oblationes
1063 1206 1245 1302 recipere.
1274 1209 1318 1280 ld
1341 1209 1441 1304 quod
1467 1207 1612 1280 iisdem'
1625 1207 1684 1284 illi

379 1303 555 1380 ¹'Romani
574 1308 796 1399 Pontifices,
809 1325 848 1382 et
866 1308 1043 1383 Concilia
1061 1308 1314 1384 Prouincialia
1338 1310 1582 1405 permittunt,
1598 1306 1680 1407 qua

386 1408 605 1483 exactiones
639 1426 792 1502 vetan13
820 1407 901 1512 (**)
925 1412 1113 1506 praecipue
1140 1410 1240 1488 laud.
1269 1411 1360 1508 Syn.
1383 1405 1570 1487 Brauonl
1604 1413 1682 1489 Co-¹

378 1511 457 1603 pit.
477 1513 517 1582 Χ
521 1511 563 1583 II
569 1515 594 1586 I
616 1514 710 1587 olias
726 1513 819 1588 Con.
838 1531 1063 1603 xxxviii,
1088 1513 1175 1587 dein
1194 1513 1288 1611 Syn.
1303 1514 1449 1610 Hispal.
1469 1536 1542 1602 an.
1581 1532 1678 1606 1512

378 1609 483 1707 Cap.
496 1612 588 1687 XV
593 1614 619 1687 I
624 1615 663 1688 Ι.’
695 1617 890 1690 Postremo
910 1615 1001 1712 Syn.
1019 1615 1219 1710 Compost.
1249 1639 1309 1690 an.
1350 1616 1445 1708 1565
1477 1621 1574 1692 Act..
1590 1619 1615 1691 I
1623 1616 1651 1688 I
1657 1617 1682 1690 I

386 1711 504 1790 Decr.
528 1740 602 1805 10,
638 1735 676 1790 et
700 1719 836 1813 Leg.I
858 1717 936 1792 Tit.
953 1717 1085 1790 XIII
1113 1718 1225 1793 Part.
1244 1714 1359 1820 1.(*)
1380 1718 1493 1793 Unde
1525 1716 1675 1816 Grego-

381 1814 465 1888 rius
487 1819 544 1890 Μ.
568 1821 654 1893 ead.
676 1819 797 1914 Epist.
822 1821 870 1913 56
906 1817 1057 1893 subdit:
1094 1822 1143 1894 Si
1171 1818 1311 1916 quidem
1337 1836 1513 1915 parentes
1546 1824 1676 1916 ipsius,

381 1923 547 2010 proximi
565 1975 577 2012 ,
609 1923 673 1996 vel
695 1922 857 1998 heoredes
869 1941 938 2016 pro
959 1919 1199 1996 luminaribus
1219 1936 1346 2017 sponte
1362 1920 1496 2016 offerre
1513 1923 1602 2018 quid
1616 1935 1676 1998 vo·

252 2111 255 2118 ¹
316 2022 319 2026 ’
380 2019 551 2114 inerint,
585 2027 751 2119 accipere
782 2050 848 2097 non
877 2041 1065 2099 vetamus,
1082 2024 1226 2098 Verum
1252 2028 1325 2098 hac
1350 2025 1386 2098 iu
1415 2049 1455 2099 re
1473 2049 1587 2123 quum
1607 2026 1676 2098 fre·-

381 2137 543 2218 quenter
582 2126 668 2200 lites
701 2129 967 2218 exorirentur,
999 2139 1082 2200 tum
1109 2148 1156 2201 ex
1186 2142 1295 2221 parte
1328 2128 1510 2200 laicorum
1543 2141 1678 2201 contra

377 2221 558 2301 Clericus
582 2231 781 2321 pecuniam
809 2252 879 2322 pro
902 2229 1116 2321 sepultura,
1141 2242 1184 2300 et‘
1196 2228 1381 2322 exsequiis
1398 2227 1613 2322 exigentes,
1631 2250 1680 2301 ac

376 2342 679 2423 extorquentes,
704 2345 782 2402 tum
801 2351 849 2402 ex
868 2343 976 2423 parte
990 2327 1228 2401 Clericorum
1247 2328 1426 2400 adversus
1445 2329 1562 2401 laicos
1579 2329 1679 2423 pias,

384 2425 624 2520 laudabiles,
645 2453 691 2505 ac
714 2447 887 2526 receptas
904 2430 1091 2503 offerendi
1109 2430 1398 2503 consuetudines
1417 2429 1677 2526 infringentes:

380 2528 477 2604 ‘hinc
495 2530 772 2626 Ecclesiasticis
807 2516 1063 2606 sanctionibus
1091 2546 1271 2606 statutum
1289 2547 1346 2605 est
1367 2554 1383 2604 1
1404 2587 1415 2618 ,
1442 2547 1481 2604 ut
1501 2532 1589 2604 laici
1614 2528 1676 2606 ress

382 2649 515 2728 ceptas
537 2658 609 2731 pro
630 2639 815 2737 exsequiis
836 2637 1022 2712 offerendi
1044 2630 1334 2711 consuetudines
1352 2631 1573 2709 observent:
1592 2658 1618 2709 o
1635 2649 1676 2710 ut

378 2734 471 2810 laici
489 2740 539 2811 ad
557 2740 637 2834 pias
654 2743 769 2815 hasce
787 2741 991 2815 servandas
1008 2740 1296 2812 consuetudines
1315 2738 1458 2833 possint
1476 2759 1544 2831 per
1561 2737 1674 2833 Epis·

378 2857 521 2935 ¹copum
544 2843 688 2941 urgeri:
718 2840 877 2945 (**)Ad
908 2864 989 2916 rem
1023 2841 1125 2936 prae'f.
1144 2840 1234 2937 Syn.
1262 2840 1409 2936 Hispal.
1440 2837 1532 2912 ibid.
1562 2843 1671 2913 Prae-

381 2944 564 3044 cipimus,
591 2970 635 3018 ne
658 2946 863 3021 vendantur
879 2944 1107 3039 sepulturae,
1132 2958 1199 3017 'nec
1223 2940 1322 3037 finnt
1342 2961 1450 3035 snper
1468 2943 1531 3015 hir
1540 2957 1672 3035 pacta,

386 3066 450 3115 nec
479 3050 764 3141 conventiones,
797 3047 865 3142 red
882 3062 971 3141 post
1000 3046 1177 3140 sepultum
1200 3063 1329 3137 corpur
1360 3048 1466 3117 detur
1489 3045 1672 3119 Ecclesiae

371 3144 600 3240 lleemosynn
617 3148 737 3247 juxta
766 3148 1080 3236 consuetudinem,
1107 3172 1186 3245 qoae
1208 3152 1246 3220 in
1270 3148 1411 3219 talibus
1437 3144 1586 3219 ensibus
1610 3144 1671 3219 ob·

286 3245 289 3251 ’
378 3265 538 3325 amunta
558 3250 646 3343 fnit
662 3279 685 3343 ,·
700 3266 738 3326 et
768 3252 1000 3327 observatur.
1030 3252 1084 3326 Er
1118 3266 1162 3323 ur.
1179 3258 1282 3325 circa
1306 3251 1371 3324 hoc
1393 3245 1521 3342 Judex
1538 3248 1671 3323 ErrIe⁵
1760 3303 1767 3312 .

341 3441 343 3444 Ι
381 3353 454 3425 rice
486 3355 680 3430 observari
702 3355 838 3448 faciat
866 3355 1183 3445 consuetudinem,
1212 3376 1291 3449 qnae
1325 3356 1363 3424 r‘n
1389 3373 1432 3451 eo
1454 3351 1599 3442 fuerit:
1614 3347 1671 3453 (*)

381 3456 574 3552 gdemurn
593 3475 817 3547 utomnes,
847 3480 929 3555 quae
958 3460 1033 3529 hac
1067 3457 1115 3529 de
1145 3480 1186 3529 re
1219 3454 1359 3528 exoriri
1383 3468 1535 3559 possept
1553 3454 1671 3529 laicos

334 3604 340 3612 =
379 3551 504 3645 inter,
533 3576 575 3632 et·
598 3559 770 3633 Clericus
798 3558 1088 3647 contentioneS,
1116 3558 1282 3631 vitentur
1300 3611 1312 3646 ,
1329 3597 1331 3601 Δ
1346 3554 1547 3651 Episcopis
1577 3556 1670 3630 insi-v

380 3676 536 3735 nuatum
564 3679 651 3750 est,
684 3679 724 3735 ut
742 3661 874 3736 habita
890 3664 1084 3748 locorum,
1105 3678 1143 3733 et
1161 3680 1407 3755 personarum
1424 3660 1670 3762 rationemo-

378 3762 469 3835 dum
497 3766 686 3861 quendam
705 3764 779 3839 illis
797 3760 1058 3838 oblationibus·
1080 3765 1342 3852 constituant,
1373 3783 1418 3835 ac
1444 3763 1669 3857 decernant,

377 3867 469 3962 quid
508 3869 642 3966 cuique
674 3873 784 3963 juxta
813 3862 1044 3940 laudabilem
1078 3866 1389 3941 consuetudinem
1427 3864 1666 3940 offerendum

381 3965 458 4039 sit:
498 3967 536 4041 id
567 3974 667 4067 quod
701 3969 845 4068 Synodi
893 3969 1102 4064 prasertim
1144 3966 1400 4039 Provinciales
1444 3967 1675 4062 praestitere,

376 4062 725 4242 g*)·Ferdiuandus
762 4076 809 4147 de
835 4073 977 4156 Lonzes
1011 4063 1374 4164 in‘Synod.Barcin.
1399 4091 1460 4141 an.
1493 4072 1593 4165 1564
1623 4072 1663 4146 in

394 4173 544 4267 sulpit.
561 4172 873 4251 TarracomLih.
891 4174 964 4247 III
985 4171 1063 4245 Tit.
1076 4170 1197 4245 XVI
1207 4190 1286 4265 cop.
1304 4167 1402 4272 3.(*)
1430 4175 1519 4267 Jure
1536 4175 1678 4272 Neap.'

375 4275 582 4349 novissimo
601 4279 821 4373 Diplomate
836 4276 958 4375 Regio
984 4299 1043 4350 an.
1069 4294 1168 4376 1754
1195 4278 1279 4367 jura
1298 4275 1534 4351 Parochialia
1557 4277 1662 4353 circa

363 4392 568 4471 „exsequias
596 4380 739 4454 sancita
762 4396 859 4455 sunt.
1014 4451 1018 4454 .

254 4539 262 4551 Ι
425 4478 528 4555 er.
554 4484 642 4581 Jam
662 4495 767 4561 veru.
786 4488 860 4561 hau
876 4483 933 4557 “in
960 4503 1002 4560 re
1031 4481 1143 4578 plur-u
1159 4480 1358 4571 Parocho,
1387 4478 1546 4578 aliisque
1568 4480 1679 4558 ele-1

439 4627 442 4632 -
685 4648 692 4657 ,
1607 4605 1659 4661 rt·
