4034 5275
418 497 495 591 246
761 499 1049 578 Institutionum
1081 494 1348 579 Cononicnrum

393 602 530 693 toriis,
564 616 603 681 et
636 601 822 693 Saeellis,
860 629 942 702 quae
968 607 1203 702 jampridem
1238 605 1313 681 viri
1351 602 1547 681 nobiles
1535 628 1574 681 ιιι
1612 609 1690 684 suis

394 701 559 778 fundis
549 730 587 780 ιιι
611 732 717 783 usum
748 706 1075 799 domesticorum,
1103 727 1141 783 et
1173 707 1411 783 subditorum
1437 731 1589 784 suorum
1618 733 1691 785 ex·

394 825 610 897 struentes,
634 811 877 884 iisdemcum
896 763 1078 906 Episcopi
1102 834 1315 900 consensu,
1344 835 1486 899 unum,
1509 811 1688 906 pluresve

394 866 689 987 constituebant
711 911 983 1008 Presbyteros:
1008 913 1159 989 Concil.
1182 915 1323 1011 Agatb.
1346 913 1439 990 Can.
1459 934 1568 990 mr.
1594 914 1692 988 Por·

348 1095 350 1099 y
397 1035 443 1089 ro
463 1019 523 1108 jus
554 1016 680 1106 istud,
711 1015 813 1112 quod
842 1037 889 1088 ex
918 1013 1197 1112 Episcoporum
1228 1019 1413 1090 duntaxat
1442 1015 1693 1092 conniventia

399 1117 567 1212 primurn
595 1118 767 1192 Patronis
797 1113 979 1194 tributum
1005 1136 1089 1208 est,
1115 1113 1263 1192 scilicet
1288 1141 1335 1192 ne
1356 1139 1450 1216 quos
1482 1140 1582 1214 aegre
1612 1118 1692 1192 fer·

399 1235 512 1309 rent,
539 1217 642 1293 alere
667 1234 916 1313 tenerentur·
942 1219 1082 1295 deinde
1104 1242 1276 1294 successu
1294 1219 1478 1338 temporis
1497 1219 1535 1292 in
1557 1242 1691 1295 veram

398 1319 494 1409 abiit
528 1322 891 1417 presentationem,
901 1321 994 1396 sive
1031 1339 1302 1418 patronatum,
1339 1322 1457 1422 iisque
1487 1322 1693 1398 vindican-

399 1423 491 1499 dum
509 1425 698 1501 creditum
715 1439 797 1516 est,
820 1424 870 1498 ad
887 1446 987 1522 quos
997 1425 1160 1516 fundus,
1185 1425 1302 1515 villa,
1327 1425 1390 1500 vel
1408 1424 1562 1515 seudum
1583 1432 1693 1522 spec·

401 1540 516 1603 taret.

453 1631 558 1705 Vlll.
585 1632 689 1705 inter
712 1631 900 1705 Patronus
924 1628 1262 1720 Ecclesiasticum,
1291 1643 1330 1704 et
1359 1568 1554 1704 Laicalem
1579 1629 1691 1739 plura

327 1740 330 1744 ’
373 1803 376 1811 ,
399 1729 641 1806 intercedunt
664 1734 909 1806 discrimina·
935 1756 1095 1828 quorum
1118 1750 1246 1809 tamen
1270 1733 1460 1828 praecipua
1482 1735 1565 1822 jure
1588 1755 1691 1809 novo

272 1930 274 1935 A
400 1851 487 1908 sunt
511 1835 681 1912 inducta.
706 1836 766 1908 Ac
794 1859 810 1906 1
845 1834 963 1909 Laico
994 1853 1154 1931 quatuor
1179 1836 1393 1922 mensium,
1420 1829 1692 1913 Ecclesiastico

400 1959 465 2020 sex
484 1936 900 2032 mensiumspatiumad
916 1938 1223 2030 praesentandum
1237 1936 1474 2024 conceditur,
1488 1939 1589 2032 quod
1605 1941 1693 2035 qui·

401 2039 491 2112 dem
507 2039 690 2135 temporis
706 2037 950 2113 intervallum
964 2062 1042 2112 non
1060 2039 1373 2133 computandum,
1390 2036 1460 2111 ni'si
1477 2036 1576 2111 adie
1593 2042 1694 2116 noti·

400 2142 490 2231 tiae3
513 2143 660 2215 scilicet
683 2139 733 2214 ab
756 2163 803 2214 eo
825 2157 1026 2235 tempore,
1049 2164 1124 2238 quo
1145 2141 1310 2215 Patrono
1332 2139 1510 2214 Beneficii
1535 2143 1691 2218 vacatio

400 2241 653 2340 probabiliter
681 2242 846 2337 potuerit
866 2243 1117 2317 innotescere.
1142 2241 1363 2339 Antiquitus
1385 2240 1532 2314 nullum
1554 2243 1693 2320 Patro·

329 2347 332 2354 '
401 2346 461 2417 nis
479 2349 526 2418 ad
547 2346 851 2439 praesentandum
869 2345 1116 2417 constitutum
1135 2359 1217 2417 erat
1236 2360 1384 2437 tempus
1398 2367 1409 2430 ς
1425 2365 1540 2438 quum
1560 2361 1690 2422 autem

402 2447 441 2519 in
466 2446 616 2520 Concil.
638 2448 817 2518 Laterao.
841 2446 895 2518 Ill
925 2443 993 2518 sub
1022 2445 1242 2519 Alexandro
1274 2445 1328 2517 lll
1353 2443 1447 2518 Can.
1467 2462 1558 2534 avar
1580 2449 1697 2524 trium

402 2551 590 2623 mensium
610 2549 772 2645 spatium
792 2547 1020 2643 praefinitum
1042 2547 1181 2634 fuerit,
1204 2561 1242 2621 et
1260 2546 1298 2619 in
1317 2546 1507 2625 nonnullis
1525 2545 1693 2628 Concilii

372 2686 375 2691 ’
402 2652 632 2728 editionibus
649 2674 718 2746 pro
731 2665 811 2723 tres
825 2660 974 2738 inenses,
987 2651 1178 2747 legeretur
1192 2663 1366 2746 quotuor,
1380 2672 1569 2747 quumque
1585 2652 1692 2731 idem

401 2756 621 2830 Alexander
640 2755 692 2825 lll
713 2752 794 2846 Cap
826 2775 877 2826 22
904 2752 948 2825 de
970 2749 1292 2847 Jurepotronatus
1315 2752 1479 2847 spatium
1497 2771 1562 2826 sex
1581 2778 1692 2831 men·

299 2930 301 2934 ,
402 2856 499 2931 sium
525 2854 782 2930 Collutoribus
799 2854 1073 2927 Beneficiorum
1093 2855 1356 2949 praescriptum
1375 2884 1396 2941 ,·
1415 2854 1531 2927 etiam
1550 2857 1604 2929 ad·
1618 2858 1693 2935 Pa·

404 2973 536 3033 tronos
560 2958 803 3045 extenderit,
834 2956 925 3029 hinc
949 2970 991 3029 ut
1021 2955 1234 3049 hujusmodi
1263 2954 1513 3030 conciliarent
1535 2969 1695 3043 tantist...

404 3059 729 3134 contradictionem
757 3057 956 3132 Cononem
984 3059 1280 3133 Lateranensem
1303 3057 1351 3130 de
1382 3057 1547 3132 Patrono
1578 3056 1693 3151 laico,

404 3161 649 3237 Decretalem
674 3159 884 3230 Alexandri
903 3161 955 3230 lll
973 3160 1022 3231 de
1046 3160 1209 3232 Patrono
1227 3158 1497 3254 Ecclesiastico
1514 3182 1691 3237 commu·

405 3265 506 3339 niter
536 3259 777 3357 interpretati
807 3275 894 3333 sunt
918 3258 1152 3336 Canouistae.

406 3366 695 3442 nPatronus
726 3361 863 3435 Laicus
894 3363 1021 3457 plures
1052 3385 1128 3437 non
1168 3363 1284 3438 modo
1316 3362 1458 3452 simul,
1490 3386 1636 3440 verum
1655 3345 1695 3443 et

295 3526 299 3534 .
405 3468 617 3545 successive
636 3466 829 3561 Episcopo
850 3481 1078 3559 praesentare
1097 3480 1247 3559 potest,
1271 3464 1446 3541 Clemens.
1464 3467 1519 3539 ΙΙ
1530 3466 1606 3543 eod.
1628 3472 1698 3561 rit,

377 3567 485 3673 ’(**)
512 3570 574 3644 cui
601 3582 786 3641 consonat
807 3569 897 3641 Lex
912 3563 987 3639 VI
1014 3564 1094 3639 Tit.
1121 3563 1209 3639 XV
1232 3544 1440 3641 Partis]
1472 3525 1698 3669 elucet&

405 3674 578 3748 siasticus
612 3692 729 3742 unum
761 3685 844 3763 post
872 3666 1053 3742 alterurn
1067 3676 1318 3763 praes‘entare
1329 3670 1483 3787 oeqqitz
1517 3668 1612 3765 Cap.
1641 3694 1694 3772 29

405 3776 483 3850 eod.
507 3778 573 3849 ιιι.
599 3770 679 3873 (**)
702 3788 742 3845 et
764 3768 857 3866 Lag.
869 3766 973 3845 VII
990 3768 1107 3870 ejusd.
1127 3765 1261 3870 (*)llli
1286 3772 1388 3852 euim
1413 3772 1515 3848 intra
1542 3788 1696 3870 tempus

405 3878 603 3995 praefixum
637 3872 865 3949 sententiani
900 3886 1047 3948 mutare
1077 3874 1340 3990 permittitur,¹
1359 3875 1455 3953 huic
1490 3888 1584 3950 vero
1613 3900 1692 3953 non

303 3998 306 4002 ’
406 3980 513 4054 item.
539 3978 656 4051 Porro
685 3976 851 4052 Patrono
881 3973 998 4047 Laico
1026 3975 1177 4049 nonnisi
1205 3990 1296 4051 ante
1320 3964 1594 4054 institutionem
1617 3980 1695 4054 sci·

406 4081 497 4156 licet
522 4097 724 4177 antequam
750 4090 1037 4173 praesentatus]
1040 4097 1082 4150 us
1110 4076 1281 4174 aliquod
1289 4081 1338 4152 ad
1363 4078 1594 4153 Beneficium
1616 4078 1695 4156 sibi

398 4184 718 4278 comparaverit,
749 4180 897 4254 variare
927 4100 1163 4253 conceditur.
1193 4179 1318 4278 Atque
1353 4182 1443 4256 hinc
1474 4182 1692 4276 perspicere

406 4288 547 4373 datur,
576 4284 767 4358 undenam
792 4281 998 4355 discrimen
1027 4281 1126 4354 istud
1156 4281 1255 4356 inter
1285 4282 1489 4364 Patronum
1518 4283 1693 4400 Laicum,

406 4403 447 4465 et
470 4385 778 4479 Ecclesiasticum
803 4383 1074 4479 proficiscatur.
1103 4385 1210 4458 Laici
1231 4385 1333 4458 enim
1353 4384 1591 4480 presentatio
1609 4386 1691 4462 nul·

392 4492 516 4647 ιιιιιιι
500 4513 561 4586 Jus
578 4485 751 4604 conferre
775 4487 924 4566 videtur
947 4490 999 4563 ad
1022 4486 1282 4583 Beneficium,
1304 4508 1410 4566 secus
1422 4509 1524 4592 uero
1547 4485 1683 4564 Eccle-
1744 4501 1749 4505 ·

457 4661 459 4666 .
1590 4590 1687 4667 sias·

1045 4666 1052 4725 l
