4034 5275
700 505 817 585 liber
848 508 907 584 II.
936 502 1085 587 Titulus
1113 507 1252 585 XXV.
1511 532 1586 613 249

319 613 401 722 (**)
420 614 516 693 illud
534 614 598 690 hic
613 635 761 714 quoque
783 613 1089 688 animadvertere
1107 636 1180 688 non
1203 612 1277 688 abs
1289 635 1331 688 re
1348 613 1437 689 erit
1433 617 1610 711 ,quod'
1581 641 1613 692 ιι

323 721 425 796 forte
444 721 692 795 Patronorurn
707 733 796 792 vota
812 718 850 790 in
870 715 995 812 plures
1013 738 1053 790 se
1070 716 1287 807 diviserint,
1306 718 1338 789 il
1338 719 1371 790 le
1381 716 1615 812 proficiatur

325 822 532 910 Ecclesia,
548 818 1001 921 qninajoribnspovatnr
1020 822 1185 908 riseritis,
1200 821 1296 915 etpl
1296 827 1486 894 acinorum
1504 845 1522 894 e
1524 823 1613 919 ligi·

325 940 416 1015 tor,
443 939 482 999 et
502 922 732 1019 adprobatur
756 921 933 998 adsensa.
952 922 1004 995 Si
1028 941 1147 999 autern
1169 923 1235 996 hoc
1259 932 1337 998 sine
1356 925 1533 996 soanaalo
1549 926 1624 998 es·'

326 1052 366 1104 se
386 1031 619 1123 nequiverit,
643 1025 786 1100 ordinet
806 1023 989 1101 Antistes
1012 1024 1249 1116 Ecclesiam,
1270 1028 1370 1100 sicut
1391 1026 1517 1101 arelius
1531 1020 1614 1100 'eam

326 1131 517 1206 secundam
541 1129 660 1203 Deam
685 1130 827 1204 uiderit
854 1127 1107 1203 ordinandam.
1131 1127 1188 1206 Et
1219 1126 1296 1200 id
1280 1147 1398 1224 ipsum
1416 1131 1528 1203 etiarn
1544 1128 1615 1222 fa
1650 1167 1652 1171 v

328 1235 438 1323 ciat,
467 1237 504 1307 si
527 1231 570 1306 de
590 1232 904 1344 jarepatronatas
932 1234 1088 1327 quaestio
1110 1234 1302 1304 emerserit
1331 1233 1431 1304 inter
1456 1231 1616 1329 aliquos,

326 1344 363 1409 et
386 1339 446 1411 eoi
472 1339 679 1430 conpetat,
705 1331 813 1426 infra
841 1344 1011 1430 quatuor
1021 1356 1157 1408 nenses
1184 1331 1248 1408 non
1266 1330 1393 1426 faerit
1415 1332 1613 1427 definitam.

327 1434 424 1533 Cap.
443 1440 531 1535 3de
549 1445 739 1534 jurepatr.
755 1437 817 1511 cui
834 1451 1019 1512 consonat
1034 1436 1253 1533 Alphonsus
1271 1436 1413 1513 Noster
1436 1437 1530 1532 Leg.
1547 1436 1618 1514 XI

328 1537 415 1617 Z’it.
432 1538 521 1612 JV
539 1539 687 1629 Partit.
716 1541 751 1614 I.
781 1534 837 1640 (*)
910 1574 940 1611 α
1047 1569 1048 1574 ’

375 1644 478 1717 Xlll.
508 1643 795 1739 Juspatronotus
821 1642 1010 1738 praecipue
1029 1639 1286 1731 Fundatione‚
1303 1638 1612 1733 Constructione,

326 1755 365 1818 et
393 1746 600 1819 Dotatione
621 1744 858 1842 adquiritur,
882 1740 964 1846 (**)
993 1767 1084 1843 quas
1105 1745 1262 1842 quidem·
1291 1744 1616 1861 Jnrispatronatus
1745 1813 1748 1818 .

267 1850 270 1853 ’
325 1868 457 1921 causas
481 1858 653 1921 recenset
675 1847 758 1922 lies
779 1846 805 1919 I
826 1846 944 1950 ejusd
964 1844 1003 1949 (*
1005 1846 1021 1949 )
1049 1846 1301 1938 Fundatione3
1325 1847 1443 1922 veluti
1468 1848 1499 1920 si
1527 1848 1610 1944 quis

325 1950 525 2045 praediutn
535 1951 590 2024 ad
603 1948 815 2024 Ecclesiam
840 1951 1136 2026 construendam
1163 1947 1355 2046 praebeat:
1376 1948 1470 2024 Can.
1487 1958 1614 2021 ιιιιι

330 2048 445 2127 Coos.
478 2052 525 2126 16
553 2052 606 2148 Q.
639 2048 686 2123 V
684 2051 733 2126 II
755 2049 1040 2128 Constructione
1071 2051 1244 2140 scilicet,
1264 2072 1389 2148 quum
1420 2051 1502 2149 quis
1538 2052 1613 2124 suis

328 2150 513 2228 sumtibus
532 2152 745 2228 Ecclesiam
764 2154 944 2229 aedificat·
960 2152 1057 2248 Cap.
1072 2168 1119 2246 25
1138 2154 1205 2228 hoc
1221 2157 1289 2228 tit.
1306 2169 1345 2228 et
1360 2151 1453 2228 Can.
1477 2172 1619 2225 min

326 2257 441 2332 Cana.
468 2255 602 2354 16Q.
620 2253 725 2331 VII
756 2259 961 2333 Dotatione
989 2258 1174 2347 demum,
1196 2254 1367 2346 scilicet,
1389 2277 1504 2352 quum
1531 2256 1615 2352 quis
1733 2253 1737 2263 '

327 2358 408 2437 sive
438 2360 614 2454 prasenti
639 2361 842 2458 pecunia,
848 2360 933 2436 sive
954 2360 1031 2435 alio
1049 2363 1182 2477 quovis
1210 2374 1325 2455 pacto
1347 2371 1492 2433 annuos
1512 2358 1616 2432 redi

298 2501 305 2505 ··
326 2471 413 2551 tus,
433 2460 564 2534 veluti
592 2478 739 2536 certam
763 2464 921 2551 dote'rn,
948 2463 1183 2552 constituat,
1208 2462 1340 2560 queis,
1369 2475 1407 2536 et
1432 2460 1619 2537 Ecclesiae

324 2563 632 2654 conservationi,
662 2580 701 2640 et
734 2563 1001 2660 ministrorum
1011 2561 1210 2642 alimentis
1231 2563 1489 2661 provideatur.
1553 2596 1620 2660 ’χ

334 2667 482 2742 XIV.
507 2665 603 2740 Sola
617 2666 725 2741 fundi
746 2667 962 2742 donatione
976 2667 1278 2765 Juspatronatus·
1291 2690 1368 2741 non
1385 2665 1617 2764 adquirite.

325 2769 512 2851 centiores
537 2766 756 2844 Canonist'ae
776 2783 866 2843 cum
887 2770 1025 2846 Franc.
1037 2767 1101 2848 :le
1097 2769 1200 2866 Roy
1225 2767 1309 2844 ibid
1328 2768 1424 2863 Cap.
1445 2791 1490 2865 13
1509 2791 1616 2845 corn

324 2873 491 2946 muniter
515 2876 697 2963 tradunt,
723 2893 838 2969 quarn
864 2894 956 2946 sane
987 2872 1216 2950 sententiam
1245 2868 1417 2967 pluribus
1446 2894 1493 2944 ex
1514 2873 1617 2946 anti·

324 2976 407 3071 quis
429 2972 639 3073 canonibus
667 2975 841 3048 deductis
860 2975 1102 3072 argumentis
1122 2974 1400 3055 demonstrant.
1430 2973 1618 3050 Fundatio’

325 3074 444 3171 igitur
468 3077 517 3170 de
544 3098 617 3174 qua
639 3072 823 3150 Canones
846 3075 1076 3174 loquuntur,
1106 3078 1155 3151 de
1176 3076 1427 3175 fundatione,
1449 3075 1531 3151 sive
1548 3090 1618 3154 exv

325 3178 560 3268 structione,
588 3202 699 3275 quaeJ
683 3181 791 3271 juxta
807 3169 1098 3257 Ecclesiasticus
1114 3172 1266 3277 regulas
1281 3194 1486 3277 peragatur
1501 3196 1618 3274 opor·¹

262 3338 267 3346 .
327 3293 412 3368 tet,
422 3279 679 3376 intelligendi
697 3286 804 3353 sunt.
828 3300 944 3376 quum
961 3280 1137 3354 scilicet
1121 3301 1202 3371 jam
1218 3279 1409 3355 Ecclesiae
1416 3282 1486 3353 dus
1507 3303 1617 3355 cons·

274 3414 279 3423 ·
325 3381 438 3456 tituta
469 3381 544 3471 sit,
573 3402 655 3477 quae
693 3380 749 3455 uti
779 3402 846 3454 suo
876 3380 965 3455 loco
991 3381 1183 3475 diximus
1214 3381 1291 3457 nisi
1316 3382 1423 3479 prius
1447 3381 1615 3534 dicatur,

323 3480 705 3577 Ecclesiaaediflcari
727 3480 1002 3578 prohibetur..
1078 3499 1081 3505 “
1689 3485 1692 3491 ’

376 3583 460 3662 XV.
488 3587 582 3660 Haec
607 3607 697 3659 sane
727 3586 919 3662 Francisci
946 3587 983 3662 le
1011 3586 1130 3682 Ray,-
1160 3586 1398 3687 aliorumque
1430 3572 1618 3664 sententia
1718 3584 1723 3594 ’

323 3688 532 3761 conformis
554 3697 702 3783 quoque
728 3689 878 3763 videtur
895 3688 1027 3786 Syodo
1042 3689 1314 3781 Tridentinae
1308 3694 1624 3790 quandonam

322 3786 432 3881 Ref.
446 3807 529 3883 cap.
555 3809 601 3861 12
628 3810 817 3889 expresse
822 3800 973 3891 cavet
952 3846 989 3881 ,
987 3793 1138 3888 nemini
1155 3794 1469 3901 Juspatronatus
1470 3816 1615 3872 conce·

322 3892 523 3981 (lendum,
553 3893 634 3966 nisi
646 3894 722 3987 qii
743 3884 871 3969 Eccl
838 3892 952 3973 eriora
974 3893 1263 3990 ‚oBeneficium
1283 3912 1349 3972 ont
1364 3888 1500 3992 capell
1498 3911 1555 3974 oin
1573 3894 1617 3973 tlt

319 4018 412 4068 novo
430 3993 683 4086 fundaverit,
697 4008 736 4069 et
760 3999 1044 4085 construxerit,
1073 4022 1133 4074 sea
1148 4001 1231 4095 iarn
1248 4013 1407 4078 erectam
1424 4055 1436 4089 ,
1453 4020 1533 4095 qna
1551 4016 1615 4074 ta
1634 4039 1637 4050 ·

319 4098 395 4170 men
423 4098 500 4169 sine
511 4096 724 4190 sufficienti
747 4095 847 4176 dote
852 4096 1006 4191 fuerit,
1041 4097 1086 4174 de
1111 4102 1193 4177 sair
1219 4106 1416 4197 propriis,
1424 4117 1475 4175 et
1488 4094 1617 4196 patti-

319 4196 536 4272 monialibus
545 4196 654 4271 bonis
668 4213 910 4293 competenter
928 4200 1171 4282 dotaverit...
1173 4207 1251 4277 .In
1260 4226 1377 4284 causa
1392 4216 1511 4279 autern
1520 4203 1616 4296 sien,-

320 4298 531 4388 dationis,
558 4314 626 4374 aot
653 4299 856 4378 dotationis
883 4304 1087 4406 hujusmodi
1114 4308 1305 4383 institutio
1336 4306 1552 4418 Episcopo,
1576 4322 1615 4383 et

318 4411 386 4476 aon
404 4426 427 4473 a
430 4402 525 4477 lteri
538 4400 715 4494 inferiori
741 4415 963 4482 reservetur.
1038 4417 1078 4483 ’.ἶ
1277 4440 1280 4445 ¹

324 4502 472 4579 XVI.
498 4502 617 4602 igitur
636 4502 790 4587 Glossoe
825 4508 1012 4588 sententia
1038 4507 1120 4589 hoc
1139 4509 1289 4612 vulgari
1329 4510 1517 4589 versiculo
1544 4530 1613 4583 ex·

367 4676 371 4683 .
1498 4634 1666 4713 pres·
