4034 5275
467 393 469 399 ·
1026 376 1042 430 r

404 444 477 524 186
711 441 997 522 Institutionum
1014 447 1287 525 Canonicnrum

380 551 496 641 beat,
520 561 586 626 out
600 570 831 640 consensum,
862 552 938 622 nisi
954 555 1062 644 prius
1077 549 1141 625 dos
1161 549 1355 646 sufficiens
1369 546 1422 624 od
1435 556 1688 630 sustentatio-

376 678 453 729 nem
472 658 568 728 ur'tae
580 651 800 744 Presbyteri
829 655 867 724 in
896 652 974 726 loco
991 652 1144 741 idoneo,
1172 667 1211 726 et
1230 676 1357 727 securo
1374 655 1580 730 constituta
1597 657 1687 732 fue-

377 757 452 844 rit,
479 751 639 850 quodque
655 755 691 830 ir
709 775 777 828 ruo
799 757 1095 830 auctorizatione
1117 755 1319 830 clausulam
1341 758 1623 850 quam.....etiam
1643 764 1686 834 si

318 942 325 957 κ
378 862 513 934 omisso
531 856 690 948 fuerit,
722 855 854 935 haberi
878 857 1043 941 uolumus
1070 876 1139 951 pro
1172 859 1339 949 inserto,
1362 875 1491 936 contro
1504 857 1685 954 faciendi

375 973 602 1060 potestaten
617 957 803 1038 Praelatts
825 959 987 1037 orrnibrs
1005 959 1238 1036 abdicantes.
1245 953 1302 1061 (*)

876 1163 940 1241 De
957 1163 1190 1244 Prehendis.

331 1397 334 1402 ·
434 1367 524 1447 ΧΗ.
550 1368 769 1469 Antequam
788 1369 945 1445 ulterius
979 1370 1269 1469 progrediamur
1287 1373 1390 1461 iuvat
1407 1374 1471 1449 hic
1495 1395 1617 1470 pauca
1634 1374 1685 1450 de
1748 1380 1752 1386 '

386 1474 605 1549 Praebendis
636 1476 743 1547 dare.
773 1473 840 1547 Uti
864 1475 964 1569 apud
983 1475 1180 1568 Romanos
1198 1475 1407 1575 victualia,
1435 1499 1517 1574 quae
1535 1476 1683 1575 Magis-

390 1574 586 1664 natibus,
622 1575 776 1673 Legatis
794 1575 946 1670 publice
964 1576 1087 1650 missis
1104 1633 1116 1664 ,
1142 1591 1208 1652 aut
1223 1574 1407 1650 militibus
1423 1578 1579 1674 hospitii
1595 1601 1687 1654 cau·

388 1701 428 1754 sa
447 1680 496 1752 de
518 1699 625 1752 more
643 1677 971 1768 conferebantur,
1001 1678 1252 1770 Praebendae,
1279 1680 1359 1754 sive
1372 1678 1582 1755 Praebenda
1598 1680 1688 1759 dic·.

388 1795 427 1854 ta
445 1795 532 1854 sunt
547 1790 567 1869 ς’
590 1778 643 1852 ita
660 1777 879 1855 Canonistae
897 1781 1002 1853 illam
1021 1781 1237 1871 redituum,
1269 1804 1470 1880 rerumque
1488 1780 1686 1879 Capitulu-

388 1882 487 1956 rium
507 1880 744 1979 portionem,
762 1903 872 1978 quarn
890 1881 1082 1959 Canonici
1099 1884 1248 1959 ratione
1265 1884 1386 1958 divini
1399 1884 1529 1961 Officii
1554 1886 1593 1957 in
1610 1883 1688 1959 Ec-

387 1985 504 2069 clesia
536 1984 748 2080 peragendi
774 1982 845 2055 sibi
869 1984 1090 2073 vindicant,
1117 1985 1364 2061 Praebendam
1384 1988 1579 2062 dixerunt:
1602 2010 1688 2084 quae

389 2101 429 2163 et
447 2109 567 2186 genus
592 2087 756 2182 quodam
775 2084 957 2160 Beneficii
979 2102 1050 2162 est.
1074 2088 1135 2163 De
1159 2088 1436 2186 dignitatibus,
1466 2087 1688 2184 personati·
1735 2087 1740 2095 ’

388 2187 477 2282 bus,
493 2188 652 2287 aliisque
670 2183 971 2264 Canonicatibus
989 2189 1079 2267 satis
1094 2188 1218 2265 Lien
1231 2189 1309 2291 Tit.
1324 2188 1500 2262 XXVI.

682 2389 747 2469 De
763 2392 963 2491 multiplici
978 2361 1237 2489 Beneficiorum
1256 2415 1402 2491 genere.

449 2602 553 2683 Xlil.
576 2599 767 2679 Beneficia
784 2598 910 2698 primo
931 2599 1173 2691 dividuntur,
1186 2613 1231 2677 ut
1247 2597 1322 2676 alia
1337 2600 1413 2675 sint
1428 2601 1595 2691 majora,
1611 2597 1692 2678 alia

395 2705 562 2783 minora.
588 2705 706 2779 Primi
728 2706 878 2802 generis
897 2720 986 2777 sunt
1000 2705 1190 2803 Papatus,
1220 2702 1521 2792 Patriarchatus,
1545 2703 1694 2775 Archi·

391 2809 661 2908 episcopatus,
675 2806 944 2903 Episcopatus,
961 2828 1006 2879 ac
1024 2808 1140 2881 etiam
1152 2805 1439 2894 Cardinalatus,
1451 2805 1588 2880 saltem
1605 2826 1693 2878 sen·

393 2914 513 2993 tentia
528 2933 687 3000 eorum,
712 2908 777 3007 qui
799 2906 905 2982 illum
926 2930 996 3003 pro
1013 2907 1203 2983 Beneficio
1221 2904 1378 2982 habent.
1396 2907 1526 3001 Adjici
1540 2929 1692 3005 qnoque

393 3030 527 3109 potest
543 3011 731 3103 Abbatie3
746 3008 918 3089 Abbates
935 3010 1038 3084 enim
1055 3010 1094 3086 in
1112 3034 1198 3086 suos
1213 3024 1443 3106 potestatem
1461 3009 1568 3107 quasi
1580 3007 1694 3105 Epis·
1733 3071 1736 3075 .

396 3118 576 3214 copulem
592 3130 784 3194 exercent,
798 3112 965 3188 Alterius
985 3114 1138 3209 generis
1157 3129 1243 3185 sunt
1259 3113 1387 3199 omnia
1404 3112 1479 3184 illis
1497 3110 1694 3206 inferiora,

288 3241 291 3246 ·
394 3238 449 3302 ex
467 3216 602 3317 quibus
619 3216 744 3313 aliqua
759 3214 876 3291 etiam
894 3230 983 3309 epten
998 3216 1176 3292 relatione
1199 3211 1331 3304 habita
1366 3215 1416 3289 ad
1447 3212 1613 3309 reliqna,
1628 3214 1692 3289 di·-

396 3340 533 3396 cuntur
558 3322 730 3414 majora,
758 3319 934 3412 scilicet,
958 3342 1044 3418 quae
1075 3320 1264 3394 adnexam
1288 3315 1433 3392 habent
1449 3315 1693 3421 dignitatem,

273 3511 277 3518 ¹
394 3425 460 3500 rel
482 3437 739 3519 personatum.

399 3571 402 3580 ,
453 3525 559 3598 xlv.
584 3526 661 3597 Hic
690 3526 766 3597 duo
794 3523 988 3601 statuendi
1005 3522 1211 3598 Canones:
1245 3517 1472 3596 1Beneiicia
1490 3520 1555 3596 illa
1572 3522 1695 3614 majo-

366 3656 369 3660 ·
399 3647 446 3710 ra
476 3626 674 3700 communi
689 3624 871 3702 Beneficii
885 3626 1048 3701 ‚nomine
1065 3647 1141 3704 non
1160 3624 1436 3722 intelligenda,
1465 3639 1577 3721 atque
1594 3626 1696 3702 adeo

401 3728 731 3826 neque-dignitatis
750 3728 964 3817 vocabulo,
1000 3750 1115 3827 quum
1152 3727 1228 3815 sint
1262 3728 1488 3826 dignitatum
1512 3725 1697 3803 culmina.

454 3852 477 3905 2
506 3833 548 3907 In
576 3834 765 3922 materie,
788 3832 844 3906 uti
862 3835 996 3925 ajunt,
1025 3831 1157 3920 odiosa
1173 3830 1353 3906 Beneficii
1375 3830 1529 3902 nomine
1546 3829 1694 3925 simpli·

403 3934 499 4022 citer
533 3937 705 4030 prolato,
736 3956 856 4031 neque
889 3934 1121 4032 dignitates,
1146 3954 1266 4030 neque
1294 3948 1516 4028 personatus
1547 3930 1695 4004 intelli·

397 4035 548 4133 gendi,
573 4059 687 4133 quum
704 4037 926 4134 plerumque
945 4036 1111 4133 simplici
1128 4033 1402 4109 Beneficiorum
1420 4034 1575 4111 nomine
1590 4031 1696 4112 haud

355 4230 357 4237 Ι
406 4136 636 4218 iudicentur.
833 4233 836 4238 .
1190 4229 1194 4237 Ι
1679 4158 1683 4163 ·

402 4303 404 4308 ,
458 4240 542 4315 XV.
569 4240 756 4316 Beneficia
782 4264 906 4317 rursus
924 4242 999 4317 alia
1016 4256 1101 4315 sunt
1118 4239 1282 4331 Curata,
1298 4238 1371 4315 alia
1390 4238 1465 4314 Sim
1471 4229 1597 4335 plicia.
1615 4239 1697 4316 Cu·

403 4359 491 4417 rata
523 4361 638 4433 sunt,
666 4369 749 4442 quae
774 4346 989 4419 animarum
1020 4364 1151 4419 curam
1176 4346 1361 4418 adnexam
1388 4340 1554 4434 habent3
1579 4366 1697 4439 porro

407 4444 510 4526 Cura
531 4449 613 4522 haec
640 4447 703 4528 vel
731 4446 924 4554 internum
954 4446 1209 4539 conscientie,
1224 4448 1348 4523 forum
1363 4444 1536 4541 respicit,
1553 4462 1592 4519 et
1607 4469 1696 4542 pro·

374 4575 376 4580 s
1139 4577 1140 4581 Ν
1611 4570 1697 4643 pne
