<?xml version="1.0" encoding="UTF-8"?>
<!DOCTYPE html PUBLIC "-//W3C//DTD XHTML 1.0 Transitional//EN"
    "http://www.w3.org/TR/xhtml1/DTD/xhtml1-transitional.dtd">
<html xmlns="http://www.w3.org/1999/xhtml" xml:lang="en" lang="en">
 <head>
  <title>
</title>
<meta http-equiv="Content-Type" content="text/html;charset=utf-8" />
  <meta name='ocr-system' content='tesseract 3.04.00' />
  <meta name='ocr-capabilities' content='ocr_page ocr_carea ocr_par ocr_line ocrx_word'/>
</head>
<body>
  <div class='ocr_page' id='page_1' title='image "./institutionumca00selvgoog/institutionumca00selvgoog_0061.png"; bbox 0 0 4034 5275; ppageno 0'>
   <div class='ocr_carea' id='block_1_1' title="bbox 342 486 1670 4489">
    <p class='ocr_par' dir='ltr' id='par_1_1' title="bbox 699 486 1617 585">
     <span class='ocr_line' id='line_1_1' title="bbox 699 486 1617 585; baseline -0.007 -19"><span class='ocrx_word' id='word_1_1' title='bbox 699 526 701 531; x_wconf 95' lang='lat'>·</span> <span class='ocrx_word' id='word_1_2' title='bbox 747 486 866 566; x_wconf 81' lang='lat' dir='ltr'><strong>Liber</strong></span> <span class='ocrx_word' id='word_1_3' title='bbox 891 487 950 564; x_wconf 88' lang='lat' dir='ltr'><strong>Il.</strong></span> <span class='ocrx_word' id='word_1_4' title='bbox 974 486 1124 566; x_wconf 77' lang='lat' dir='ltr'><strong>Titulos</strong></span> <span class='ocrx_word' id='word_1_5' title='bbox 1151 486 1209 563; x_wconf 89' lang='lat' dir='ltr'><strong>V.</strong></span> <span class='ocrx_word' id='word_1_6' title='bbox 1563 507 1617 585; x_wconf 87' lang='lat'><strong>49</strong></span> 
     </span>
    </p>

    <p class='ocr_par' dir='ltr' id='par_1_2' title="bbox 342 585 1670 4489">
     <span class='ocr_line' id='line_1_2' title="bbox 384 585 1654 693; baseline -0.005 -19"><span class='ocrx_word' id='word_1_7' title='bbox 384 595 389 603; x_wconf 75' lang='grc'><em>“</em></span> <span class='ocrx_word' id='word_1_8' title='bbox 412 623 430 674; x_wconf 90' lang='grc' dir='ltr'><em>ι</em></span> <span class='ocrx_word' id='word_1_9' title='bbox 457 591 666 693; x_wconf 71' lang='lat' dir='ltr'><strong>Apostolus</strong></span> <span class='ocrx_word' id='word_1_10' title='bbox 693 593 732 669; x_wconf 90' lang='lat' dir='ltr'><strong>in</strong></span> <span class='ocrx_word' id='word_1_11' title='bbox 755 594 901 691; x_wconf 92' lang='lat' dir='ltr'><strong>duplici</strong></span> <span class='ocrx_word' id='word_1_12' title='bbox 932 595 981 668; x_wconf 92' lang='lat' dir='ltr'><strong>ad</strong></span> <span class='ocrx_word' id='word_1_13' title='bbox 1004 594 1252 667; x_wconf 86' lang='lat' dir='ltr'><strong>Timotheum</strong></span> <span class='ocrx_word' id='word_1_14' title='bbox 1283 589 1479 687; x_wconf 87' lang='lat' dir='ltr'><strong>epistola,</strong></span> <span class='ocrx_word' id='word_1_15' title='bbox 1508 585 1576 664; x_wconf 91' lang='lat' dir='ltr'><strong>ubi</strong></span> <span class='ocrx_word' id='word_1_16' title='bbox 1605 591 1654 668; x_wconf 91' lang='lat' dir='ltr'><strong>de</strong></span> 
     </span>
     <span class='ocr_line' id='line_1_3' title="bbox 354 691 1654 793; baseline -0.004 -19"><span class='ocrx_word' id='word_1_17' title='bbox 354 701 523 793; x_wconf 85' lang='lat' dir='ltr'><strong>ejusdem</strong></span> <span class='ocrx_word' id='word_1_18' title='bbox 550 700 632 773; x_wconf 90' lang='lat' dir='ltr'><strong>sive</strong></span> <span class='ocrx_word' id='word_1_19' title='bbox 659 698 696 772; x_wconf 93' lang='lat' dir='ltr'><strong>in</strong></span> <span class='ocrx_word' id='word_1_20' title='bbox 720 696 984 793; x_wconf 83' lang='lat' dir='ltr'><strong>Episcopum,</strong></span> <span class='ocrx_word' id='word_1_21' title='bbox 1012 695 1093 770; x_wconf 86' lang='lat' dir='ltr'><strong>sive</strong></span> <span class='ocrx_word' id='word_1_22' title='bbox 1124 695 1163 768; x_wconf 90' lang='lat' dir='ltr'><strong>in</strong></span> <span class='ocrx_word' id='word_1_23' title='bbox 1187 691 1464 791; x_wconf 81' lang='lat' dir='ltr'><strong>Presbyterum</strong></span> <span class='ocrx_word' id='word_1_24' title='bbox 1493 693 1654 769; x_wconf 87' lang='lat' dir='ltr'><strong>ordina-</strong></span> 
     </span>
     <span class='ocr_line' id='line_1_4' title="bbox 351 797 1652 900; baseline -0.002 -23"><span class='ocrx_word' id='word_1_25' title='bbox 351 804 458 877; x_wconf 83' lang='lat' dir='ltr'><strong>tione</strong></span> <span class='ocrx_word' id='word_1_26' title='bbox 473 803 566 900; x_wconf 84' lang='lat' dir='ltr'><strong>agit,</strong></span> <span class='ocrx_word' id='word_1_27' title='bbox 581 800 735 875; x_wconf 89' lang='lat' dir='ltr'><strong>nonnisi</strong></span> <span class='ocrx_word' id='word_1_28' title='bbox 753 821 933 875; x_wconf 91' lang='lat' dir='ltr'><strong>manuum</strong></span> <span class='ocrx_word' id='word_1_29' title='bbox 949 797 1204 895; x_wconf 82' lang='lat' dir='ltr'><strong>impositionis</strong></span> <span class='ocrx_word' id='word_1_30' title='bbox 1219 797 1413 872; x_wconf 79' lang='lat' dir='ltr'><strong>meminit:</strong></span> <span class='ocrx_word' id='word_1_31' title='bbox 1424 813 1539 893; x_wconf 89' lang='lat' dir='ltr'><strong>atque</strong></span> <span class='ocrx_word' id='word_1_32' title='bbox 1553 799 1652 875; x_wconf 86' lang='lat' dir='ltr'><strong>adeo</strong></span> 
     </span>
     <span class='ocr_line' id='line_1_5' title="bbox 353 896 1658 1000; baseline -0.001 -22"><span class='ocrx_word' id='word_1_33' title='bbox 353 905 427 978; x_wconf 85' lang='lat' dir='ltr'><strong>soli</strong></span> <span class='ocrx_word' id='word_1_34' title='bbox 460 927 642 980; x_wconf 89' lang='lat' dir='ltr'><strong>manuum</strong></span> <span class='ocrx_word' id='word_1_35' title='bbox 674 903 911 1000; x_wconf 89' lang='lat' dir='ltr'><strong>impositioni</strong></span> <span class='ocrx_word' id='word_1_36' title='bbox 945 902 1079 1000; x_wconf 79' lang='lat' dir='ltr'><strong>gratiae</strong></span> <span class='ocrx_word' id='word_1_37' title='bbox 1112 900 1363 976; x_wconf 88' lang='lat' dir='ltr'><strong>collationem</strong></span> <span class='ocrx_word' id='word_1_38' title='bbox 1388 896 1601 974; x_wconf 87' lang='lat' dir='ltr'><strong>adscribit:</strong></span> <span class='ocrx_word' id='word_1_39' title='bbox 1631 901 1658 977; x_wconf 85' lang='lat'><em>1</em></span> 
     </span>
     <span class='ocr_line' id='line_1_6' title="bbox 350 1002 1652 1102; baseline -0.006 -18"><span class='ocrx_word' id='word_1_40' title='bbox 350 1005 424 1084; x_wconf 79' lang='lat' dir='ltr'><strong>IV</strong></span> <span class='ocrx_word' id='word_1_41' title='bbox 434 1030 476 1083; x_wconf 85' lang='lat' dir='ltr'><strong>o.</strong></span> <span class='ocrx_word' id='word_1_42' title='bbox 496 1029 565 1102; x_wconf 85' lang='lat'><strong>14,</strong></span> <span class='ocrx_word' id='word_1_43' title='bbox 582 1007 633 1083; x_wconf 89' lang='lat' dir='ltr'><strong>II</strong></span> <span class='ocrx_word' id='word_1_44' title='bbox 647 1010 673 1084; x_wconf 92' lang='grc' dir='ltr'><em>Ι</em></span> <span class='ocrx_word' id='word_1_45' title='bbox 684 1030 722 1082; x_wconf 86' lang='lat' dir='ltr'><strong>o.</strong></span> <span class='ocrx_word' id='word_1_46' title='bbox 737 1005 776 1081; x_wconf 93' lang='lat'><strong>6.</strong></span> <span class='ocrx_word' id='word_1_47' title='bbox 793 1007 902 1081; x_wconf 88' lang='lat' dir='ltr'><strong>ldem</strong></span> <span class='ocrx_word' id='word_1_48' title='bbox 919 1028 1074 1101; x_wconf 87' lang='lat' dir='ltr'><strong>prorsus</strong></span> <span class='ocrx_word' id='word_1_49' title='bbox 1091 1004 1199 1080; x_wconf 87' lang='lat' dir='ltr'><strong>dicas</strong></span> <span class='ocrx_word' id='word_1_50' title='bbox 1219 1004 1269 1079; x_wconf 89' lang='lat' dir='ltr'><strong>de</strong></span> <span class='ocrx_word' id='word_1_51' title='bbox 1284 1004 1323 1077; x_wconf 86' lang='lat' dir='ltr'><strong>S.</strong></span> <span class='ocrx_word' id='word_1_52' title='bbox 1338 1003 1466 1092; x_wconf 89' lang='lat' dir='ltr'><strong>Luca,</strong></span> <span class='ocrx_word' id='word_1_53' title='bbox 1484 1002 1551 1099; x_wconf 87' lang='lat' dir='ltr'><strong>qui</strong></span> <span class='ocrx_word' id='word_1_54' title='bbox 1566 1003 1652 1076; x_wconf 89' lang='lat' dir='ltr'><strong>Ac·</strong></span> 
     </span>
     <span class='ocr_line' id='line_1_7' title="bbox 353 1106 1652 1186; baseline -0.005 0"><span class='ocrx_word' id='word_1_55' title='bbox 353 1126 475 1186; x_wconf 83' lang='lat' dir='ltr'><strong>torum</strong></span> <span class='ocrx_word' id='word_1_56' title='bbox 492 1109 564 1182; x_wconf 88' lang='lat' dir='ltr'><strong>VI</strong></span> <span class='ocrx_word' id='word_1_57' title='bbox 583 1108 667 1184; x_wconf 87' lang='lat' dir='ltr'><strong>o.6</strong></span> <span class='ocrx_word' id='word_1_58' title='bbox 696 1109 960 1184; x_wconf 88' lang='lat' dir='ltr'><strong>Diaconorum</strong></span> <span class='ocrx_word' id='word_1_59' title='bbox 982 1108 1152 1184; x_wconf 83' lang='lat' dir='ltr'><strong>reserens</strong></span> <span class='ocrx_word' id='word_1_60' title='bbox 1167 1107 1452 1182; x_wconf 88' lang='lat' dir='ltr'><strong>ordinationem</strong></span> <span class='ocrx_word' id='word_1_61' title='bbox 1476 1106 1561 1179; x_wconf 87' lang='lat' dir='ltr'><strong>haec</strong></span> <span class='ocrx_word' id='word_1_62' title='bbox 1584 1107 1652 1181; x_wconf 89' lang='lat' dir='ltr'><strong>ha·</strong></span> 
     </span>
     <span class='ocr_line' id='line_1_8' title="bbox 352 1209 1654 1307; baseline -0.004 -21"><span class='ocrx_word' id='word_1_63' title='bbox 352 1209 447 1286; x_wconf 86' lang='lat' dir='ltr'><strong>bet:</strong></span> <span class='ocrx_word' id='word_1_64' title='bbox 472 1215 558 1287; x_wconf 84' lang='lat' dir='ltr'><strong>Hor</strong></span> <span class='ocrx_word' id='word_1_65' title='bbox 577 1224 793 1287; x_wconf 82' lang='lat' dir='ltr'><strong>statuerunt</strong></span> <span class='ocrx_word' id='word_1_66' title='bbox 809 1227 898 1286; x_wconf 81' lang='lat' dir='ltr'><strong>ante</strong></span> <span class='ocrx_word' id='word_1_67' title='bbox 913 1223 1145 1307; x_wconf 83' lang='lat' dir='ltr'><strong>conspectum</strong></span> <span class='ocrx_word' id='word_1_68' title='bbox 1165 1210 1459 1305; x_wconf 84' lang='lat' dir='ltr'><strong>Apostolorum,</strong></span> <span class='ocrx_word' id='word_1_69' title='bbox 1486 1220 1525 1282; x_wconf 86' lang='lat' dir='ltr'><strong>et</strong></span> <span class='ocrx_word' id='word_1_70' title='bbox 1541 1229 1654 1282; x_wconf 84' lang='lat' dir='ltr'><strong>oran·</strong></span> 
     </span>
     <span class='ocr_line' id='line_1_9' title="bbox 342 1311 1670 1417; baseline -0.006 -26"><span class='ocrx_word' id='word_1_71' title='bbox 342 1314 412 1391; x_wconf 74' lang='lat' dir='ltr'><strong>&#39;tes</strong></span> <span class='ocrx_word' id='word_1_72' title='bbox 429 1317 673 1410; x_wconf 79' lang='lat' dir='ltr'><strong>imposuerunt</strong></span> <span class='ocrx_word' id='word_1_73' title='bbox 688 1317 745 1388; x_wconf 85' lang='lat' dir='ltr'><strong>eis</strong></span> <span class='ocrx_word' id='word_1_74' title='bbox 761 1336 899 1390; x_wconf 84' lang='lat' dir='ltr'><strong>monor.</strong></span> <span class='ocrx_word' id='word_1_75' title='bbox 916 1311 998 1417; x_wconf 51' lang='lat'>(²3²3)</span> <span class='ocrx_word' id='word_1_76' title='bbox 1015 1314 1088 1389; x_wconf 89' lang='lat' dir='ltr'><strong>Sed</strong></span> <span class='ocrx_word' id='word_1_77' title='bbox 1104 1313 1279 1389; x_wconf 88' lang='lat' dir='ltr'><strong>adversae</strong></span> <span class='ocrx_word' id='word_1_78' title='bbox 1297 1312 1495 1386; x_wconf 82' lang='lat' dir='ltr'><strong>sententia</strong></span> <span class='ocrx_word' id='word_1_79' title='bbox 1514 1324 1649 1406; x_wconf 51' lang='lat' dir='ltr'><strong>patros</strong></span> <span class='ocrx_word' id='word_1_80' title='bbox 1667 1316 1670 1320; x_wconf 81' lang='grc'><strong>’</strong></span> 
     </span>
     <span class='ocr_line' id='line_1_10' title="bbox 353 1413 1650 1517; baseline -0.001 -28"><span class='ocrx_word' id='word_1_81' title='bbox 353 1417 397 1490; x_wconf 92' lang='lat' dir='ltr'><strong>ni</strong></span> <span class='ocrx_word' id='word_1_82' title='bbox 418 1433 634 1513; x_wconf 90' lang='lat' dir='ltr'><strong>reponunt,</strong></span> <span class='ocrx_word' id='word_1_83' title='bbox 658 1440 734 1493; x_wconf 92' lang='lat' dir='ltr'><strong>non</strong></span> <span class='ocrx_word' id='word_1_84' title='bbox 755 1419 911 1507; x_wconf 89' lang='lat' dir='ltr'><strong>omnia,</strong></span> <span class='ocrx_word' id='word_1_85' title='bbox 935 1437 1020 1517; x_wconf 79' lang='lat' dir='ltr'><strong>quae</strong></span> <span class='ocrx_word' id='word_1_86' title='bbox 1041 1415 1092 1493; x_wconf 89' lang='lat' dir='ltr'><strong>ab</strong></span> <span class='ocrx_word' id='word_1_87' title='bbox 1119 1415 1449 1514; x_wconf 84' lang='lat' dir='ltr'><strong>Apostolis·gesta</strong></span> <span class='ocrx_word' id='word_1_88' title='bbox 1474 1429 1588 1504; x_wconf 87' lang='lat' dir='ltr'><strong>sunt,</strong></span> <span class='ocrx_word' id='word_1_89' title='bbox 1609 1413 1650 1488; x_wconf 92' lang='lat' dir='ltr'><strong>in</strong></span> 
     </span>
     <span class='ocr_line' id='line_1_11' title="bbox 354 1514 1644 1622; baseline 0.002 -30"><span class='ocrx_word' id='word_1_90' title='bbox 354 1517 482 1593; x_wconf 84' lang='lat' dir='ltr'><strong>Sacris</strong></span> <span class='ocrx_word' id='word_1_91' title='bbox 505 1520 803 1596; x_wconf 84' lang='lat' dir='ltr'><strong>Litteris&#39;relata</strong></span> <span class='ocrx_word' id='word_1_92' title='bbox 827 1540 924 1596; x_wconf 90' lang='lat' dir='ltr'><strong>esse.</strong></span> <span class='ocrx_word' id='word_1_93' title='bbox 946 1514 1002 1622; x_wconf 84' lang='lat'><strong>(*)</strong></span> <span class='ocrx_word' id='word_1_94' title='bbox 1639 1604 1644 1611; x_wconf 53' lang='grc'>,</span> 
     </span>
     <span class='ocr_line' id='line_1_12' title="bbox 359 1619 1652 1721; baseline -0.005 -24"><span class='ocrx_word' id='word_1_95' title='bbox 359 1658 362 1665; x_wconf 88' lang='grc'><strong><em>·</em></strong></span> <span class='ocrx_word' id='word_1_96' title='bbox 406 1645 430 1697; x_wconf 82' lang='lat' dir='ltr'><strong>a</strong></span> <span class='ocrx_word' id='word_1_97' title='bbox 458 1621 521 1695; x_wconf 89' lang='lat' dir='ltr'><strong>Ad</strong></span> <span class='ocrx_word' id='word_1_98' title='bbox 547 1622 740 1698; x_wconf 88' lang='lat' dir='ltr'><strong>decimum</strong></span> <span class='ocrx_word' id='word_1_99' title='bbox 754 1645 879 1721; x_wconf 87' lang='lat' dir='ltr'><strong>-usque</strong></span> <span class='ocrx_word' id='word_1_100' title='bbox 899 1621 1081 1698; x_wconf 78' lang='lat' dir='ltr'><strong>saeculum</strong></span> <span class='ocrx_word' id='word_1_101' title='bbox 1098 1643 1168 1718; x_wconf 88' lang='lat' dir='ltr'><strong>per</strong></span> <span class='ocrx_word' id='word_1_102' title='bbox 1183 1621 1304 1699; x_wconf 86' lang='lat' dir='ltr'><strong>solam</strong></span> <span class='ocrx_word' id='word_1_103' title='bbox 1329 1640 1510 1696; x_wconf 90' lang='lat' dir='ltr'><strong>manuum</strong></span> <span class='ocrx_word' id='word_1_104' title='bbox 1529 1619 1652 1715; x_wconf 80' lang='lat' dir='ltr'><strong>impo.</strong></span> 
     </span>
     <span class='ocr_line' id='line_1_13' title="bbox 353 1720 1652 1822; baseline 0 -26"><span class='ocrx_word' id='word_1_105' title='bbox 353 1720 537 1812; x_wconf 87' lang='lat' dir='ltr'><strong>sitionem</strong></span> <span class='ocrx_word' id='word_1_106' title='bbox 562 1724 773 1822; x_wconf 85' lang='lat' dir='ltr'><strong>Episcopi,</strong></span> <span class='ocrx_word' id='word_1_107' title='bbox 808 1721 1055 1822; x_wconf 88' lang='lat' dir='ltr'><strong>Presbyteri,</strong></span> <span class='ocrx_word' id='word_1_108' title='bbox 1083 1740 1121 1799; x_wconf 87' lang='lat' dir='ltr'><strong>et</strong></span> <span class='ocrx_word' id='word_1_109' title='bbox 1155 1725 1322 1800; x_wconf 88' lang='lat' dir='ltr'><strong>Diaconi</strong></span> <span class='ocrx_word' id='word_1_110' title='bbox 1355 1722 1526 1798; x_wconf 89' lang='lat' dir='ltr'><strong>ordinati</strong></span> <span class='ocrx_word' id='word_1_111' title='bbox 1552 1738 1652 1798; x_wconf 84' lang='lat' dir='ltr'><strong>sunt:</strong></span> 
     </span>
     <span class='ocr_line' id='line_1_14' title="bbox 351 1826 1653 1921; baseline 0.001 -22"><span class='ocrx_word' id='word_1_112' title='bbox 351 1826 458 1902; x_wconf 87' lang='lat' dir='ltr'><strong>nulla</strong></span> <span class='ocrx_word' id='word_1_113' title='bbox 487 1828 591 1903; x_wconf 91' lang='lat' dir='ltr'><strong>enim</strong></span> <span class='ocrx_word' id='word_1_114' title='bbox 615 1827 678 1902; x_wconf 89' lang='lat' dir='ltr'><strong>vel</strong></span> <span class='ocrx_word' id='word_1_115' title='bbox 704 1829 828 1903; x_wconf 86' lang='lat' dir='ltr'><strong>Sacrae</strong></span> <span class='ocrx_word' id='word_1_116' title='bbox 850 1828 1067 1917; x_wconf 89' lang='lat' dir='ltr'><strong>unctionis,</strong></span> <span class='ocrx_word' id='word_1_117' title='bbox 1098 1828 1163 1905; x_wconf 90' lang='lat' dir='ltr'><strong>vel</strong></span> <span class='ocrx_word' id='word_1_118' title='bbox 1190 1828 1533 1904; x_wconf 87' lang='lat' dir='ltr'><strong>instrumentorum</strong></span> <span class='ocrx_word' id='word_1_119' title='bbox 1566 1847 1653 1921; x_wconf 90' lang='lat' dir='ltr'><strong>por·</strong></span> 
     </span>
     <span class='ocr_line' id='line_1_15' title="bbox 352 1928 1651 2019; baseline -0.001 -17"><span class='ocrx_word' id='word_1_120' title='bbox 352 1930 538 2003; x_wconf 85' lang='lat' dir='ltr'><strong>rectionis</strong></span> <span class='ocrx_word' id='word_1_121' title='bbox 561 1930 707 2005; x_wconf 91' lang='lat' dir='ltr'><strong>mentio</strong></span> <span class='ocrx_word' id='word_1_122' title='bbox 727 1932 895 2006; x_wconf 91' lang='lat' dir='ltr'><strong>occurrit</strong></span> <span class='ocrx_word' id='word_1_123' title='bbox 912 1933 951 2004; x_wconf 92' lang='lat' dir='ltr'><strong>in</strong></span> <span class='ocrx_word' id='word_1_124' title='bbox 974 1928 1153 2006; x_wconf 90' lang='lat' dir='ltr'><strong>omnibus</strong></span> <span class='ocrx_word' id='word_1_125' title='bbox 1181 1929 1425 2019; x_wconf 85' lang='lat' dir='ltr'><strong>Ritualibus,</strong></span> <span class='ocrx_word' id='word_1_126' title='bbox 1450 1944 1489 2002; x_wconf 90' lang='lat' dir='ltr'><strong>et</strong></span> <span class='ocrx_word' id='word_1_127' title='bbox 1514 1928 1651 2002; x_wconf 84' lang='lat' dir='ltr'><strong>Sacra·</strong></span> 
     </span>
     <span class='ocr_line' id='line_1_16' title="bbox 351 2025 1654 2130; baseline 0.002 -28"><span class='ocrx_word' id='word_1_128' title='bbox 351 2033 556 2105; x_wconf 88' lang='lat' dir='ltr'><strong>mentariis</strong></span> <span class='ocrx_word' id='word_1_129' title='bbox 576 2034 716 2107; x_wconf 87' lang='lat' dir='ltr'><strong>saeculo</strong></span> <span class='ocrx_word' id='word_1_130' title='bbox 732 2058 757 2106; x_wconf 84' lang='lat' dir='ltr'>x</span> <span class='ocrx_word' id='word_1_131' title='bbox 780 2025 1174 2130; x_wconf 82' lang='lat' dir='ltr'><strong>antiquioribus.&#39;(**)</strong></span> <span class='ocrx_word' id='word_1_132' title='bbox 1189 2032 1336 2107; x_wconf 88' lang='lat' dir='ltr'><strong>Verum</strong></span> <span class='ocrx_word' id='word_1_133' title='bbox 1358 2033 1424 2106; x_wconf 87' lang='lat' dir='ltr'><strong>alii</strong></span> <span class='ocrx_word' id='word_1_134' title='bbox 1441 2044 1531 2103; x_wconf 89' lang='lat' dir='ltr'><strong>ante</strong></span> <span class='ocrx_word' id='word_1_135' title='bbox 1547 2031 1654 2104; x_wconf 91' lang='lat' dir='ltr'><strong>deci-</strong></span> 
     </span>
     <span class='ocr_line' id='line_1_17' title="bbox 352 2132 1655 2228; baseline -0.001 -22"><span class='ocrx_word' id='word_1_136' title='bbox 352 2151 463 2206; x_wconf 88' lang='lat' dir='ltr'><strong>mum</strong></span> <span class='ocrx_word' id='word_1_137' title='bbox 482 2133 666 2207; x_wconf 82' lang='lat' dir='ltr'><strong>Ecclesiae</strong></span> <span class='ocrx_word' id='word_1_138' title='bbox 684 2133 891 2223; x_wconf 85' lang='lat' dir='ltr'><strong>saeculum,</strong></span> <span class='ocrx_word' id='word_1_139' title='bbox 913 2135 1034 2208; x_wconf 90' lang='lat' dir='ltr'><strong>immo</strong></span> <span class='ocrx_word' id='word_1_140' title='bbox 1050 2134 1178 2207; x_wconf 83' lang='lat' dir='ltr'><strong>saeculi</strong></span> <span class='ocrx_word' id='word_1_141' title='bbox 1196 2156 1252 2208; x_wconf 87' lang='lat' dir='ltr'><strong>vn</strong></span> <span class='ocrx_word' id='word_1_142' title='bbox 1270 2134 1381 2209; x_wconf 89' lang='lat' dir='ltr'><strong>initio</strong></span> <span class='ocrx_word' id='word_1_143' title='bbox 1397 2132 1582 2228; x_wconf 88' lang='lat' dir='ltr'><strong>Episcopi</strong></span> <span class='ocrx_word' id='word_1_144' title='bbox 1598 2132 1655 2205; x_wconf 91' lang='lat' dir='ltr'><strong>in·</strong></span> 
     </span>
     <span class='ocr_line' id='line_1_18' title="bbox 353 2231 1656 2333; baseline 0.004 -25"><span class='ocrx_word' id='word_1_145' title='bbox 353 2235 652 2331; x_wconf 86' lang='lat' dir='ltr'><strong>augurationem</strong></span> <span class='ocrx_word' id='word_1_146' title='bbox 681 2254 761 2331; x_wconf 87' lang='lat' dir='ltr'><strong>per·</strong></span> <span class='ocrx_word' id='word_1_147' title='bbox 786 2235 916 2311; x_wconf 89' lang='lat' dir='ltr'><strong>Orarii</strong></span> <span class='ocrx_word' id='word_1_148' title='bbox 968 2235 1144 2333; x_wconf 80' lang='lat' dir='ltr'><strong>Amuli,</strong></span> <span class='ocrx_word' id='word_1_149' title='bbox 1172 2249 1212 2311; x_wconf 86' lang='lat' dir='ltr'><strong>et</strong></span> <span class='ocrx_word' id='word_1_150' title='bbox 1240 2235 1402 2326; x_wconf 81' lang='lat' dir='ltr'><strong>Baculi,</strong></span> <span class='ocrx_word' id='word_1_151' title='bbox 1432 2231 1656 2332; x_wconf 86' lang='lat' dir='ltr'><strong>Presbyteri</strong></span> 
     </span>
     <span class='ocr_line' id='line_1_19' title="bbox 355 2334 1653 2434; baseline 0.003 -25"><span class='ocrx_word' id='word_1_152' title='bbox 355 2357 427 2432; x_wconf 91' lang='lat' dir='ltr'><strong>per</strong></span> <span class='ocrx_word' id='word_1_153' title='bbox 450 2336 607 2430; x_wconf 91' lang='lat' dir='ltr'><strong>Orarii,</strong></span> <span class='ocrx_word' id='word_1_154' title='bbox 630 2353 669 2412; x_wconf 89' lang='lat' dir='ltr'><strong>et</strong></span> <span class='ocrx_word' id='word_1_155' title='bbox 690 2334 886 2428; x_wconf 88' lang='lat' dir='ltr'><strong>Planetae,</strong></span> <span class='ocrx_word' id='word_1_156' title='bbox 955 2337 1084 2414; x_wconf 90' lang='lat' dir='ltr'><strong>iaconi</strong></span> <span class='ocrx_word' id='word_1_157' title='bbox 1107 2360 1176 2434; x_wconf 90' lang='lat' dir='ltr'><strong>per</strong></span> <span class='ocrx_word' id='word_1_158' title='bbox 1192 2338 1348 2428; x_wconf 82' lang='lat' dir='ltr'><strong>Orarii,</strong></span> <span class='ocrx_word' id='word_1_159' title='bbox 1376 2355 1415 2414; x_wconf 88' lang='lat' dir='ltr'><strong>et</strong></span> <span class='ocrx_word' id='word_1_160' title='bbox 1436 2335 1548 2411; x_wconf 83' lang='lat' dir='ltr'><strong>Albae</strong></span> <span class='ocrx_word' id='word_1_161' title='bbox 1571 2353 1653 2413; x_wconf 82' lang='lat' dir='ltr'><strong>tra·</strong></span> 
     </span>
     <span class='ocr_line' id='line_1_20' title="bbox 355 2439 1652 2540; baseline 0.004 -28"><span class='ocrx_word' id='word_1_162' title='bbox 355 2439 546 2514; x_wconf 87' lang='lat' dir='ltr'><strong>ditionem</strong></span> <span class='ocrx_word' id='word_1_163' title='bbox 572 2455 770 2537; x_wconf 84' lang='lat' dir='ltr'><strong>peractam</strong></span> <span class='ocrx_word' id='word_1_164' title='bbox 796 2441 996 2516; x_wconf 89' lang='lat' dir='ltr'><strong>inveniunt</strong></span> <span class='ocrx_word' id='word_1_165' title='bbox 1020 2442 1060 2516; x_wconf 92' lang='lat' dir='ltr'><strong>in</strong></span> <span class='ocrx_word' id='word_1_166' title='bbox 1084 2440 1231 2540; x_wconf 85' lang='lat' dir='ltr'><strong>Synod.</strong></span> <span class='ocrx_word' id='word_1_167' title='bbox 1257 2443 1384 2521; x_wconf 85' lang='lat' dir='ltr'><strong>Tolet.</strong></span> <span class='ocrx_word' id='word_1_168' title='bbox 1414 2440 1469 2516; x_wconf 92' lang='lat' dir='ltr'><strong>lV</strong></span> <span class='ocrx_word' id='word_1_169' title='bbox 1487 2462 1554 2516; x_wconf 88' lang='lat' dir='ltr'><strong>an.</strong></span> <span class='ocrx_word' id='word_1_170' title='bbox 1574 2445 1652 2540; x_wconf 83' lang='lat'><strong>633</strong></span> 
     </span>
     <span class='ocr_line' id='line_1_21' title="bbox 357 2539 1648 2644; baseline -0.002 -25"><span class='ocrx_word' id='word_1_171' title='bbox 357 2540 454 2619; x_wconf 83' lang='lat' dir='ltr'><strong>Con.</strong></span> <span class='ocrx_word' id='word_1_172' title='bbox 482 2562 622 2617; x_wconf 76' lang='lat' dir='ltr'><strong>mrrr</strong></span> <span class='ocrx_word' id='word_1_173' title='bbox 643 2539 935 2644; x_wconf 64' lang='lat' dir='ltr'><strong>alianum(</strong></span> <span class='ocrx_word' id='word_1_174' title='bbox 1027 2564 1030 2569; x_wconf 86' lang='lat'>·</span> <span class='ocrx_word' id='word_1_175' title='bbox 1171 2567 1176 2575; x_wconf 95' lang='lat'>·</span> <span class='ocrx_word' id='word_1_176' title='bbox 1248 2600 1251 2605; x_wconf 90' lang='lat'><strong>.</strong></span> <span class='ocrx_word' id='word_1_177' title='bbox 1493 2598 1497 2605; x_wconf 87' lang='lat'><strong>.</strong></span> <span class='ocrx_word' id='word_1_178' title='bbox 1638 2562 1648 2607; x_wconf 69' lang='grc' dir='ltr'>ε</span> 
     </span>
     <span class='ocr_line' id='line_1_22' title="bbox 358 2643 1656 2745; baseline 0.004 -28"><span class='ocrx_word' id='word_1_179' title='bbox 358 2681 363 2692; x_wconf 84' lang='grc'><em>·</em></span> <span class='ocrx_word' id='word_1_180' title='bbox 410 2666 433 2741; x_wconf 85' lang='lat'>3</span> <span class='ocrx_word' id='word_1_181' title='bbox 463 2647 508 2717; x_wconf 93' lang='lat' dir='ltr'><strong>ln</strong></span> <span class='ocrx_word' id='word_1_182' title='bbox 529 2645 720 2744; x_wconf 90' lang='lat' dir='ltr'><strong>plerisque</strong></span> <span class='ocrx_word' id='word_1_183' title='bbox 743 2643 1006 2720; x_wconf 85' lang='lat' dir='ltr'><strong>Orientalibus</strong></span> <span class='ocrx_word' id='word_1_184' title='bbox 1030 2644 1215 2721; x_wconf 88' lang='lat' dir='ltr'><strong>Ecclesiis</strong></span> <span class='ocrx_word' id='word_1_185' title='bbox 1237 2669 1314 2724; x_wconf 94' lang='lat' dir='ltr'><strong>non</strong></span> <span class='ocrx_word' id='word_1_186' title='bbox 1346 2646 1465 2723; x_wconf 85' lang='lat' dir='ltr'><strong>modo</strong></span> <span class='ocrx_word' id='word_1_187' title='bbox 1488 2646 1656 2745; x_wconf 61' lang='lat' dir='ltr'><strong>antiqui*</strong></span> 
     </span>
     <span class='ocr_line' id='line_1_23' title="bbox 356 2747 1656 2851; baseline 0.005 -32"><span class='ocrx_word' id='word_1_188' title='bbox 356 2756 448 2835; x_wconf 89' lang='lat' dir='ltr'><strong>tus,</strong></span> <span class='ocrx_word' id='word_1_189' title='bbox 471 2749 539 2822; x_wconf 90' lang='lat' dir='ltr'><strong>sed</strong></span> <span class='ocrx_word' id='word_1_190' title='bbox 562 2762 602 2821; x_wconf 89' lang='lat' dir='ltr'><strong>et</strong></span> <span class='ocrx_word' id='word_1_191' title='bbox 619 2748 827 2823; x_wconf 87' lang='lat' dir='ltr'><strong>hodiedum</strong></span> <span class='ocrx_word' id='word_1_192' title='bbox 855 2749 894 2821; x_wconf 94' lang='lat' dir='ltr'><strong>in</strong></span> <span class='ocrx_word' id='word_1_193' title='bbox 913 2747 1219 2845; x_wconf 89' lang='lat' dir='ltr'><strong>Episcoporum,</strong></span> <span class='ocrx_word' id='word_1_194' title='bbox 1242 2747 1559 2851; x_wconf 86' lang='lat' dir='ltr'><strong>Presbyterornm</strong></span> <span class='ocrx_word' id='word_1_195' title='bbox 1575 2804 1595 2839; x_wconf 26' lang='lat' dir='ltr'><strong>,s</strong></span> <span class='ocrx_word' id='word_1_196' title='bbox 1615 2765 1656 2826; x_wconf 89' lang='lat' dir='ltr'><strong>et</strong></span> 
     </span>
     <span class='ocr_line' id='line_1_24' title="bbox 355 2847 1656 2954; baseline 0.003 -30"><span class='ocrx_word' id='word_1_197' title='bbox 355 2847 621 2924; x_wconf 87' lang='lat' dir='ltr'><strong>Diaconorum</strong></span> <span class='ocrx_word' id='word_1_198' title='bbox 656 2847 959 2926; x_wconf 86' lang='lat' dir='ltr'><strong>ordinationibus</strong></span> <span class='ocrx_word' id='word_1_199' title='bbox 990 2853 1072 2927; x_wconf 88' lang='lat' dir='ltr'><strong>sola</strong></span> <span class='ocrx_word' id='word_1_200' title='bbox 1104 2851 1509 2945; x_wconf 58' lang='lat' dir='ltr'><strong>adhibeturyopmsa,</strong></span> <span class='ocrx_word' id='word_1_201' title='bbox 1532 2875 1656 2954; x_wconf 89' lang='lat' dir='ltr'><strong>neque</strong></span> 
     </span>
     <span class='ocr_line' id='line_1_25' title="bbox 359 2951 1656 3052; baseline 0.007 -30"><span class='ocrx_word' id='word_1_202' title='bbox 359 2971 528 3047; x_wconf 88' lang='lat' dir='ltr'><strong>unquam</strong></span> <span class='ocrx_word' id='word_1_203' title='bbox 568 2954 717 3027; x_wconf 87' lang='lat' dir='ltr'><strong>Latinis</strong></span> <span class='ocrx_word' id='word_1_204' title='bbox 737 2951 985 3052; x_wconf 57' lang='lat' dir='ltr'><strong>[improbatae</strong></span> <span class='ocrx_word' id='word_1_205' title='bbox 1026 2971 1113 3029; x_wconf 91' lang='lat' dir='ltr'><strong>sunt</strong></span> <span class='ocrx_word' id='word_1_206' title='bbox 1152 2957 1339 3049; x_wconf 90' lang='lat' dir='ltr'><strong>ejusmodi</strong></span> <span class='ocrx_word' id='word_1_207' title='bbox 1381 2956 1656 3031; x_wconf 90' lang='lat' dir='ltr'><strong>ordinationes.</strong></span> 
     </span>
     <span class='ocr_line' id='line_1_26' title="bbox 358 3046 1654 3153; baseline 0.007 -27"><span class='ocrx_word' id='word_1_208' title='bbox 358 3046 442 3153; x_wconf 83' lang='lat'>(**)</span> <span class='ocrx_word' id='word_1_209' title='bbox 456 3054 531 3128; x_wconf 89' lang='lat' dir='ltr'><strong>Sed</strong></span> <span class='ocrx_word' id='word_1_210' title='bbox 546 3057 621 3129; x_wconf 93' lang='lat' dir='ltr'><strong>hoc</strong></span> <span class='ocrx_word' id='word_1_211' title='bbox 636 3056 777 3130; x_wconf 93' lang='lat' dir='ltr'><strong>idoneo</strong></span> <span class='ocrx_word' id='word_1_212' title='bbox 792 3055 968 3131; x_wconf 72' lang='lat' dir='ltr'><strong>dLatinis</strong></span> <span class='ocrx_word' id='word_1_213' title='bbox 1010 3053 1216 3132; x_wconf 77' lang='lat' dir='ltr'><strong>emissum</strong></span> <span class='ocrx_word' id='word_1_214' title='bbox 1225 3060 1654 3135; x_wconf 85' lang='lat' dir='ltr'><strong>contenduntadversa·</strong></span> 
     </span>
     <span class='ocr_line' id='line_1_27' title="bbox 358 3151 1655 3267; baseline 0.007 -41"><span class='ocrx_word' id='word_1_215' title='bbox 358 3154 409 3227; x_wconf 88' lang='lat' dir='ltr'><strong>rii</strong></span> <span class='ocrx_word' id='word_1_216' title='bbox 424 3157 546 3254; x_wconf 67' lang='lat' dir='ltr'><strong>,quia</strong></span> <span class='ocrx_word' id='word_1_217' title='bbox 569 3180 692 3255; x_wconf 92' lang='lat' dir='ltr'><strong>neque</strong></span> <span class='ocrx_word' id='word_1_218' title='bbox 716 3151 958 3254; x_wconf 78' lang='lat' dir='ltr'><strong>&#39;exploratum</strong></span> <span class='ocrx_word' id='word_1_219' title='bbox 1061 3182 1134 3257; x_wconf 89' lang='lat' dir='ltr'><strong>que</strong></span> <span class='ocrx_word' id='word_1_220' title='bbox 1155 3162 1355 3267; x_wconf 74' lang='lat' dir='ltr'><strong>definitum</strong></span> <span class='ocrx_word' id='word_1_221' title='bbox 1372 3164 1564 3259; x_wconf 77' lang='lat' dir='ltr'><strong>hucusque</strong></span> <span class='ocrx_word' id='word_1_222' title='bbox 1581 3177 1655 3255; x_wconf 59' lang='lat' dir='ltr'><strong>ests,</strong></span> 
     </span>
     <span class='ocr_line' id='line_1_28' title="bbox 360 3260 1652 3354; baseline 0.01 -26"><span class='ocrx_word' id='word_1_223' title='bbox 360 3277 535 3353; x_wconf 88' lang='lat' dir='ltr'><strong>quaenam</strong></span> <span class='ocrx_word' id='word_1_224' title='bbox 553 3260 602 3333; x_wconf 92' lang='lat' dir='ltr'><strong>sit</strong></span> <span class='ocrx_word' id='word_1_225' title='bbox 617 3264 834 3337; x_wconf 76' lang='lat' dir='ltr'><strong>essentiali-&#39;s</strong></span> <span class='ocrx_word' id='word_1_226' title='bbox 851 3261 1108 3337; x_wconf 90' lang='lat' dir='ltr'><strong>ordinationis</strong></span> <span class='ocrx_word' id='word_1_227' title='bbox 1124 3268 1380 3354; x_wconf 81' lang='lat' dir='ltr'><strong>coeremonia3</strong></span> <span class='ocrx_word' id='word_1_228' title='bbox 1396 3265 1434 3336; x_wconf 92' lang='lat' dir='ltr'><strong>in</strong></span> <span class='ocrx_word' id='word_1_229' title='bbox 1453 3264 1567 3339; x_wconf 88' lang='lat' dir='ltr'><strong>rebus</strong></span> <span class='ocrx_word' id='word_1_230' title='bbox 1582 3289 1652 3340; x_wconf 77' lang='lat' dir='ltr'><strong>au·</strong></span> 
     </span>
     <span class='ocr_line' id='line_1_29' title="bbox 351 3355 1653 3463; baseline 0.008 -32"><span class='ocrx_word' id='word_1_231' title='bbox 351 3355 465 3447; x_wconf 86' lang='lat' dir='ltr'><strong>tem,</strong></span> <span class='ocrx_word' id='word_1_232' title='bbox 490 3363 622 3452; x_wconf 88' lang='lat' dir='ltr'><strong>ajunt,</strong></span> <span class='ocrx_word' id='word_1_233' title='bbox 648 3366 822 3462; x_wconf 22' lang='lat' dir='ltr'><strong>nondum·</strong></span> <span class='ocrx_word' id='word_1_234' title='bbox 845 3364 1038 3454; x_wconf 87' lang='lat' dir='ltr'><strong>definitis,</strong></span> <span class='ocrx_word' id='word_1_235' title='bbox 1059 3366 1236 3461; x_wconf 84' lang='lat' dir='ltr'><strong>cuiquam</strong></span> <span class='ocrx_word' id='word_1_236' title='bbox 1255 3368 1336 3441; x_wconf 89' lang='lat' dir='ltr'><strong>sine</strong></span> <span class='ocrx_word' id='word_1_237' title='bbox 1355 3366 1508 3463; x_wconf 91' lang='lat' dir='ltr'><strong>piaculo</strong></span> <span class='ocrx_word' id='word_1_238' title='bbox 1531 3364 1653 3442; x_wconf 86' lang='lat' dir='ltr'><strong>libere</strong></span> 
     </span>
     <span class='ocr_line' id='line_1_30' title="bbox 358 3455 1263 3570; baseline 0.009 -36"><span class='ocrx_word' id='word_1_239' title='bbox 358 3455 720 3566; x_wconf 72' lang='lat' dir='ltr'><strong>sentire‚nunquam</strong></span> <span class='ocrx_word' id='word_1_240' title='bbox 743 3461 978 3561; x_wconf 84' lang='lat' dir='ltr'><strong>improbavit</strong></span> <span class='ocrx_word' id='word_1_241' title='bbox 995 3465 1183 3541; x_wconf 86' lang='lat' dir='ltr'><strong>Ecclesia.</strong></span> <span class='ocrx_word' id='word_1_242' title='bbox 1206 3463 1263 3570; x_wconf 78' lang='lat'>(²¹²)</span> 
     </span>
     <span class='ocr_line' id='line_1_31' title="bbox 361 3564 1655 3674; baseline 0.008 -36"><span class='ocrx_word' id='word_1_243' title='bbox 361 3615 365 3626; x_wconf 71' lang='lat'>·</span> <span class='ocrx_word' id='word_1_244' title='bbox 409 3584 436 3657; x_wconf 90' lang='lat'>4</span> <span class='ocrx_word' id='word_1_245' title='bbox 462 3564 681 3641; x_wconf 91' lang='lat' dir='ltr'><strong>Concilium</strong></span> <span class='ocrx_word' id='word_1_246' title='bbox 705 3566 892 3665; x_wconf 83' lang='lat' dir='ltr'><strong>Cartbag.</strong></span> <span class='ocrx_word' id='word_1_247' title='bbox 910 3567 964 3643; x_wconf 91' lang='lat' dir='ltr'><strong>IV</strong></span> <span class='ocrx_word' id='word_1_248' title='bbox 981 3568 1077 3644; x_wconf 85' lang='lat' dir='ltr'><strong>Con.</strong></span> <span class='ocrx_word' id='word_1_249' title='bbox 1093 3590 1143 3657; x_wconf 85' lang='lat' dir='ltr'><strong>rr,</strong></span> <span class='ocrx_word' id='word_1_250' title='bbox 1160 3590 1225 3662; x_wconf 85' lang='grc' dir='ltr'><em>ιιι,</em></span> <span class='ocrx_word' id='word_1_251' title='bbox 1242 3587 1281 3646; x_wconf 82' lang='lat' dir='ltr'><strong>et</strong></span> <span class='ocrx_word' id='word_1_252' title='bbox 1297 3570 1655 3674; x_wconf 76' lang='lat' dir='ltr'><strong>priseopornm,</strong></span> 
     </span>
     <span class='ocr_line' id='line_1_32' title="bbox 355 3664 1653 3770; baseline 0.01 -33"><span class='ocrx_word' id='word_1_253' title='bbox 355 3664 692 3762; x_wconf 87' lang='lat' dir='ltr'><strong>Presbyterorum,</strong></span> <span class='ocrx_word' id='word_1_254' title='bbox 704 3686 743 3743; x_wconf 91' lang='lat' dir='ltr'><strong>et</strong></span> <span class='ocrx_word' id='word_1_255' title='bbox 758 3671 1020 3770; x_wconf 81' lang='lat' dir='ltr'><strong>Diaconorum</strong></span> <span class='ocrx_word' id='word_1_256' title='bbox 1033 3671 1561 3765; x_wconf 84' lang='lat' dir='ltr'><strong>describensordinationem,</strong></span> <span class='ocrx_word' id='word_1_257' title='bbox 1576 3697 1653 3750; x_wconf 86' lang='lat' dir='ltr'><strong>non</strong></span> 
     </span>
     <span class='ocr_line' id='line_1_33' title="bbox 356 3766 1652 3871; baseline 0.011 -32"><span class='ocrx_word' id='word_1_258' title='bbox 356 3766 431 3840; x_wconf 93' lang='lat' dir='ltr'><strong>nisi</strong></span> <span class='ocrx_word' id='word_1_259' title='bbox 447 3770 923 3867; x_wconf 85' lang='lat' dir='ltr'><strong>manuumimpositionem</strong></span> <span class='ocrx_word' id='word_1_260' title='bbox 941 3787 1144 3865; x_wconf 79' lang='lat' dir='ltr'><strong>memorat,</strong></span> <span class='ocrx_word' id='word_1_261' title='bbox 1161 3778 1264 3851; x_wconf 90' lang='lat' dir='ltr'><strong>nulla</strong></span> <span class='ocrx_word' id='word_1_262' title='bbox 1274 3782 1424 3868; x_wconf 86' lang='lat' dir='ltr'><strong>adjecta</strong></span> <span class='ocrx_word' id='word_1_263' title='bbox 1441 3780 1652 3871; x_wconf 55' lang='lat' dir='ltr'><strong>porrectior</strong></span> 
     </span>
     <span class='ocr_line' id='line_1_34' title="bbox 354 3870 1651 3974; baseline 0.009 -32"><span class='ocrx_word' id='word_1_264' title='bbox 354 3870 414 3943; x_wconf 91' lang='lat' dir='ltr'><strong>nis</strong></span> <span class='ocrx_word' id='word_1_265' title='bbox 438 3870 779 3947; x_wconf 86' lang='lat' dir='ltr'><strong>instrumentorum</strong></span> <span class='ocrx_word' id='word_1_266' title='bbox 797 3873 1020 3964; x_wconf 83' lang='lat' dir='ltr'><strong>mentione,</strong></span> <span class='ocrx_word' id='word_1_267' title='bbox 1045 3889 1159 3974; x_wconf 85' lang='lat' dir='ltr'><strong>quam</strong></span> <span class='ocrx_word' id='word_1_268' title='bbox 1187 3895 1319 3954; x_wconf 88' lang='lat' dir='ltr'><strong>tamen</strong></span> <span class='ocrx_word' id='word_1_269' title='bbox 1347 3878 1571 3953; x_wconf 84' lang='lat' dir='ltr'><strong>Canonibus</strong></span> <span class='ocrx_word' id='word_1_270' title='bbox 1589 3887 1651 3954; x_wconf 80' lang='lat' dir='ltr'><strong>se·&#39;</strong></span> 
     </span>
     <span class='ocr_line' id='line_1_35' title="bbox 354 3972 1649 4080; baseline 0.013 -37"><span class='ocrx_word' id='word_1_271' title='bbox 354 3972 557 4068; x_wconf 88' lang='lat' dir='ltr'><strong>quentibus</strong></span> <span class='ocrx_word' id='word_1_272' title='bbox 571 3998 749 4071; x_wconf 86' lang='lat' dir='ltr'><strong>expresse</strong></span> <span class='ocrx_word' id='word_1_273' title='bbox 763 3975 942 4069; x_wconf 89' lang='lat' dir='ltr'><strong>exhibet,</strong></span> <span class='ocrx_word' id='word_1_274' title='bbox 959 3999 1075 4075; x_wconf 87' lang='lat' dir='ltr'><strong>quum</strong></span> <span class='ocrx_word' id='word_1_275' title='bbox 1089 3981 1138 4055; x_wconf 84' lang='lat' dir='ltr'><strong>de</strong></span> <span class='ocrx_word' id='word_1_276' title='bbox 1154 3982 1409 4058; x_wconf 88' lang='lat' dir='ltr'><strong>Ordinatione</strong></span> <span class='ocrx_word' id='word_1_277' title='bbox 1424 3983 1649 4080; x_wconf 81' lang='lat' dir='ltr'><strong>inferiorum</strong></span> 
     </span>
     <span class='ocr_line' id='line_1_36' title="bbox 353 4072 1646 4257; baseline 0.011 -110"><span class='ocrx_word' id='word_1_278' title='bbox 353 4072 597 4151; x_wconf 89' lang='lat' dir='ltr'><strong>Clericorum</strong></span> <span class='ocrx_word' id='word_1_279' title='bbox 615 4077 889 4257; x_wconf 53' lang='lat' dir='ltr'><strong>loquitur.(*²:)</strong></span> <span class='ocrx_word' id='word_1_280' title='bbox 905 4081 1049 4156; x_wconf 91' lang='lat' dir='ltr'><strong>Verum</strong></span> <span class='ocrx_word' id='word_1_281' title='bbox 1066 4083 1132 4160; x_wconf 89' lang='lat' dir='ltr'><strong>alii</strong></span> <span class='ocrx_word' id='word_1_282' title='bbox 1148 4107 1282 4179; x_wconf 91' lang='lat' dir='ltr'><strong>parum</strong></span> <span class='ocrx_word' id='word_1_283' title='bbox 1297 4083 1420 4157; x_wconf 84' lang='lat' dir='ltr'><strong>fidunt</strong></span> <span class='ocrx_word' id='word_1_284' title='bbox 1438 4075 1526 4159; x_wconf 74' lang='lat' dir='ltr'><strong>hiric</strong></span> <span class='ocrx_word' id='word_1_285' title='bbox 1543 4084 1646 4161; x_wconf 91' lang='lat' dir='ltr'><strong>Con·</strong></span> 
     </span>
     <span class='ocr_line' id='line_1_37' title="bbox 355 4176 1649 4283; baseline 0.009 -32"><span class='ocrx_word' id='word_1_286' title='bbox 355 4178 422 4251; x_wconf 90' lang='lat' dir='ltr'><strong>cil.</strong></span> <span class='ocrx_word' id='word_1_287' title='bbox 449 4176 635 4277; x_wconf 82' lang='lat' dir='ltr'><strong>Carrhag.</strong></span> <span class='ocrx_word' id='word_1_288' title='bbox 654 4183 810 4257; x_wconf 90' lang='lat' dir='ltr'><strong>nomine</strong></span> <span class='ocrx_word' id='word_1_289' title='bbox 832 4188 845 4258; x_wconf 92' lang='lat' dir='ltr'><strong>l</strong></span> <span class='ocrx_word' id='word_1_290' title='bbox 900 4208 920 4272; x_wconf 75' lang='grc' dir='ltr'><strong>ς·</strong></span> <span class='ocrx_word' id='word_1_291' title='bbox 935 4207 1094 4282; x_wconf 85' lang='lat' dir='ltr'><strong>gravem</strong></span> <span class='ocrx_word' id='word_1_292' title='bbox 1119 4189 1224 4261; x_wconf 92' lang='lat' dir='ltr'><strong>enim</strong></span> <span class='ocrx_word' id='word_1_293' title='bbox 1247 4190 1349 4283; x_wconf 90' lang='lat' dir='ltr'><strong>apud</strong></span> <span class='ocrx_word' id='word_1_294' title='bbox 1381 4189 1552 4274; x_wconf 88' lang='lat' dir='ltr'><strong>eruditos</strong></span> <span class='ocrx_word' id='word_1_295' title='bbox 1574 4192 1649 4262; x_wconf 91' lang='lat' dir='ltr'><strong>hu·</strong></span> 
     </span>
     <span class='ocr_line' id='line_1_38' title="bbox 345 4280 1647 4386; baseline 0.01 -34"><span class='ocrx_word' id='word_1_296' title='bbox 345 4280 515 4372; x_wconf 76' lang='lat' dir='ltr'><strong>Jusmodi</strong></span> <span class='ocrx_word' id='word_1_297' title='bbox 530 4281 697 4356; x_wconf 91' lang='lat' dir='ltr'><strong>Concilii</strong></span> <span class='ocrx_word' id='word_1_298' title='bbox 714 4283 892 4361; x_wconf 91' lang='lat' dir='ltr'><strong>Canones</strong></span> <span class='ocrx_word' id='word_1_299' title='bbox 909 4286 1089 4386; x_wconf 87' lang='lat' dir='ltr'><strong>ingerunt</strong></span> <span class='ocrx_word' id='word_1_300' title='bbox 1105 4289 1279 4386; x_wconf 82' lang='lat' dir='ltr'><strong>falsitatis</strong></span> <span class='ocrx_word' id='word_1_301' title='bbox 1294 4291 1565 4385; x_wconf 90' lang='lat' dir='ltr'><strong>suspicionem.</strong></span> <span class='ocrx_word' id='word_1_302' title='bbox 1576 4291 1647 4365; x_wconf 89' lang='lat' dir='ltr'><strong>Vi-</strong></span> 
     </span>
     <span class='ocr_line' id='line_1_39' title="bbox 352 4379 1650 4489; baseline 0.008 -34"><span class='ocrx_word' id='word_1_303' title='bbox 352 4379 453 4456; x_wconf 81' lang='lat' dir='ltr'><strong>desis</strong></span> <span class='ocrx_word' id='word_1_304' title='bbox 479 4381 636 4457; x_wconf 83' lang='lat' dir='ltr'><strong>Bera&#39;rdi</strong></span> <span class='ocrx_word' id='word_1_305' title='bbox 661 4388 700 4457; x_wconf 82' lang='lat' dir='ltr'><strong>in</strong></span> <span class='ocrx_word' id='word_1_306' title='bbox 728 4385 845 4463; x_wconf 83' lang='lat' dir='ltr'><strong>Grat.</strong></span> <span class='ocrx_word' id='word_1_307' title='bbox 875 4390 921 4460; x_wconf 89' lang='lat' dir='ltr'><strong>P.</strong></span> <span class='ocrx_word' id='word_1_308' title='bbox 945 4391 970 4461; x_wconf 86' lang='lat'><em>1</em></span> <span class='ocrx_word' id='word_1_309' title='bbox 992 4389 1086 4485; x_wconf 84' lang='lat' dir='ltr'><strong>Cap.</strong></span> <span class='ocrx_word' id='word_1_310' title='bbox 1111 4389 1221 4479; x_wconf 88' lang='lat' dir='ltr'><strong>XV,</strong></span> <span class='ocrx_word' id='word_1_311' title='bbox 1249 4392 1339 4489; x_wconf 92' lang='lat' dir='ltr'><strong>quin</strong></span> <span class='ocrx_word' id='word_1_312' title='bbox 1363 4403 1403 4465; x_wconf 86' lang='lat' dir='ltr'><strong>e&#39;t</strong></span> <span class='ocrx_word' id='word_1_313' title='bbox 1428 4392 1520 4467; x_wconf 76' lang='lat' dir='ltr'><strong>ean.</strong></span> <span class='ocrx_word' id='word_1_314' title='bbox 1541 4412 1574 4463; x_wconf 85' lang='grc' dir='ltr'><strong>ιι</strong></span> <span class='ocrx_word' id='word_1_315' title='bbox 1602 4394 1650 4485; x_wconf 76' lang='lat' dir='ltr'><strong>in¹</strong></span> 
     </span>
    </p>
   </div>
   <div class='ocr_carea' id='block_1_2' title="bbox 349 4482 1650 4670">
    <p class='ocr_par' dir='ltr' id='par_1_3' title="bbox 349 4482 1650 4670">
     <span class='ocr_line' id='line_1_40' title="bbox 349 4482 1650 4591; baseline 0.009 -33"><span class='ocrx_word' id='word_1_316' title='bbox 349 4482 536 4581; x_wconf 85' lang='lat' dir='ltr'><strong>Episcopi</strong></span> <span class='ocrx_word' id='word_1_317' title='bbox 551 4486 795 4570; x_wconf 82' lang='lat' dir='ltr'><strong>ordinatione</strong></span> <span class='ocrx_word' id='word_1_318' title='bbox 811 4483 1113 4589; x_wconf 78' lang='lat' dir='ltr'><strong>Evangelio&#39;rum</strong></span> <span class='ocrx_word' id='word_1_319' title='bbox 1137 4493 1324 4571; x_wconf 91' lang='lat' dir='ltr'><strong>Codicem</strong></span> <span class='ocrx_word' id='word_1_320' title='bbox 1342 4494 1650 4591; x_wconf 68' lang='lat' dir='ltr'><strong>superina‘ugu·</strong></span> 
     </span>
     <span class='ocr_line' id='line_1_41' title="bbox 418 4615 1644 4670; baseline 0.006 -8"><span class='ocrx_word' id='word_1_321' title='bbox 418 4659 420 4662; x_wconf 85' lang='grc'>,</span> <span class='ocrx_word' id='word_1_322' title='bbox 438 4615 441 4620; x_wconf 92' lang='grc'><em>·</em></span> <span class='ocrx_word' id='word_1_323' title='bbox 1209 4627 1212 4636; x_wconf 93' lang='lat'>·</span> <span class='ocrx_word' id='word_1_324' title='bbox 1543 4617 1644 4670; x_wconf 84' lang='lat' dir='ltr'><strong>ran·</strong></span> 
     </span>
    </p>
   </div>
   <div class='ocr_carea' id='block_1_3' title="bbox 0 0 2034 5275">
    <p class='ocr_par' dir='ltr' id='par_1_4' title="bbox 0 0 2034 5275">
     <span class='ocr_line' id='line_1_42' title="bbox 0 0 2034 5275; baseline 0 0"><span class='ocrx_word' id='word_1_325' title='bbox 0 0 2034 5275; x_wconf 95' lang='lat' dir='ltr'><strong> </strong></span> 
     </span>
    </p>
   </div>
  </div>
 </body>
</html>
