4034 5275
412 470 490 564 ἶ116
750 470 1029 554 Institutionum
1059 478 1321 556 Canonico'tum

388 580 508 653 etiam
528 572 675 699 adjecia
700 576 858 656 aedificia
882 585 932 656 ad
954 579 1298 679 Presbyterorum,
1324 581 1561 680 aliorumque
1588 582 1690 739 Cle&

392 681 560 757 uicorum
591 684 681 779 ipsis
705 684 990 760 inservientium
1017 708 1139 759 usum.

391 848 394 853 .
445 782 526 885 (⁸⁰¹¹)
552 788 652 861 ΧΙΧ.
681 786 737 860 Eu
772 787 951 863 Ecclesiae
980 788 1159 882 Hispanae
1186 787 1413 884 disciplina,
1445 788 1609 885 Templa
1641 806 1686 869 ut
1730 784 1738 792 ’

327 907 331 913 ·
389 887 600 985 plurimum
618 887 738 964 tribus
756 907 932 965 constant
950 889 1392 987 partibusSanctuort‘o,
1410 891 1581 983 scilicet,
1597 894 1690 969 Na·

396 1012 467 1080 ve,
500 1009 539 1066 et
560 991 695 1067 choro
724 976 1015 1083 Sanctoorium,
1044 996 1145 1095 quod
1171 992 1448 1095 Presbyterium
1475 996 1689 1072 universim

388 1092 530 1184 audit,
554 1111 627 1169 est.
637 1117 686 1169 ea
719 1112 807 1192 pars
836 1088 922 1172 Arae
948 1097 1087 1189 Maon
1118 1096 1353 1193 proximior
1384 1094 1591 1215 paullulum
1623 1121 1689 1175 su·

391 1218 467 1293 pra
495 1220 700 1272 commune
730 1200 851 1273 solum
875 1199 1066 1287 erectior,
1095 1218 1133 1273 et
1157 1222 1425 1296 nonnunquam
1452 1200 1568 1273 etiarn
1589 1224 1687 1276 can·

393 1300 504 1372 'cellis
526 1317 662 1395 septa,
684 1302 749 1375 cui
771 1303 918 1376 nonnisi
938 1300 1102 1376 Clericis
1123 1302 1265 1376 Divina
1292 1301 1505 1396 operaturis
1530 1303 1683 1401 ingredi

354 1444 356 1446 -
393 1399 495 1477 licet
519 1405 633 1479 Naue
661 1421 719 1477 est
743 1406 807 1478 ille
829 1404 994 1523 amplior
1022 1403 1203 1478 Ecclesiae
1227 1404 1360 1491 locus,
1390 1402 1565 1478 fidelibus
1595 1429 1688 1503 pre

392 1507 533 1581 catoris
562 1506 790 1602 deputatus,
820 1506 885 1604 qui
914 1506 1014 1580 inter
1043 1505 1228 1595 Chorom,
1243 1521 1299 1579 et
1329 1504 1597 1581 Sanctoorium
1621 1524 1682 1584 est

393 1609 552 1682 medius.
576 1607 720 1719 Chorus
737 1612 840 1683 locus
864 1609 928 1683 ille
952 1626 1036 1696 est,
1059 1610 1203 1696 muris,
1229 1623 1294 1682 aut
1311 1608 1490 1683 cancellis
1513 1609 1682 1687 circum·

394 1711 550 1803 septus,
581 1711 619 1785 in
642 1707 717 1828 quo
741 1708 885 1787 Clerici
911 1708 1074 1787 Divinas
1090 1711 1218 1785 laudes
1239 1712 1428 1785 cantaturi
1449 1698 1682 1789 adstantfln

334 1893 336 1896 ,
392 1808 459 1883 Ma
457 1811 603 1904 joribus
627 1816 717 1888 situs
738 1830 795 1889 est
820 1814 965 1909 inipso
989 1813 1170 1887 Ecclesiae
1195 1813 1337 1931 plaop,
1367 1812 1465 1887 binis
1489 1836 1680 1891 summum

391 1836 583 2010 grabibos·
590 1932 765 2004 erectus,
792 1916 831 1990 in
851 1913 1060 1990 minoribus
1078 1938 1169 1990 vero
1183 1915 1345 1988 erectior
1367 1934 1451 2006 est,
1474 1906 1681 1993 fornicibus

390 2014 596 2106 subnixus,
625 2018 745 2094 itaut
776 2042 823 2092 ex
850 2016 1091 2093 interioribus
1122 2017 1289 2090 adificiis
1321 2033 1451 2112 pateat
1478 2019 1682 2117 ingressus.

389 2117 663 2213 Baptistert‘om
689 2137 730 2195 ιιι
760 2116 965 2218 plurimum
1005 2122 1055 2195 ad
1086 2120 1188 2215 ipsos
1219 2117 1401 2193 Ecclesiae
1433 2120 1530 2194 sores
1562 2122 1681 2196 situm

389 2222 474 2308 est,
496 2222 626 2294 ferreis
647 2222 770 2297 etiam
793 2247 909 2310 cauce
901 2223 1191 2295 llisrnunitum.
1214 2221 1348 2296 Pauca
1366 2221 1549 2295 Ecclesia
1575 2238 1682 2317 sunt,-
1737 2308 1740 2312 ,

389 2343 471 2417 quae
492 2323 630 2396 atrium
656 2347 729 2396 non
756 2323 945 2413 habeant,
968 2345 1028 2397 eae
1057 2324 1283 2418 praecipuae,
1312 2346 1392 2422 quae
1413 2280 1680 2398 Monasrerios

392 2445 475 2496 rum
501 2426 667 2521 vestigia
682 2441 847 2500 servant
866 2427 999 2525 Neque
1018 2426 1095 2500 ulla
1119 2449 1266 2524 quoque
1285 2444 1351 2500 est
1363 2422 1562 2513 Ecclesia,
1591 2450 1680 2523 quae

392 2545 469 2598 non
490 2525 627 2602 lrabeat
646 2527 892 2619 Diaconiom,
910 2546 972 2604 aut
990 2528 1239 2615 Samarium,
1256 2550 1319 2603 seu
1342 2527 1457 2624 vulgo
1473 2543 1581 2601 sonat
1597 2529 1684 2602 Sa·

390 2632 529 2703 cristia
542 2626 729 2730 ,eamque
746 2648 927 2730 quantum
950 2631 1005 2706 fas
1024 2631 1071 2705 sit
1088 2631 1389 2732 amplissimam,
1409 2630 1674 2705 commodissi-

391 2752 520 2821 mam,
547 2748 586 2807 et
604 2736 872 2829 pulcherrime
882 2752 1069 2808 ornatam.
1075 2734 1283 2807 Postremo
1302 2729 1513 2821 Maioribus
1536 2731 1679 2806 Eccle-

391 2833 454 2905 siis
476 2834 641 2910 aedificia
657 2839 860 2930 adjacent,
888 2835 1078 2911 habendis
1101 2834 1320 2931 Capitulis,
1344 2852 1383 2908 et
1407 2834 1685 2931 suppellectili·

389 2930 474 3034 bus
481 2955 562 3010 cusi
547 2935 737 3017 lodiendis
761 2942 967 3035 deputata,
997 2954 1036 3015 et
1058 2939 1252 3037 inquibus
1275 2936 1471 3015 inferiores
1495 2935 1679 3013 Ecclesiae
1753 2989 1756 2994 >

391 3029 556 3115 ministri
574 3039 767 3117 habitent.
785 3039 851 3143 ·*()

669 3265 671 3270 ’
770 3244 833 3322 De
863 3247 1029 3375 Altort‘,
1057 3244 1203 3349 ejusque
1231 3269 1310 3323 usu.
1415 3197 1418 3202 Ι

397 3453 523 3528 ΧΧ
539 3399 711 3527 Altaria
718 3452 859 3526 divinis
882 3452 1110 3552 peragendis
1135 3451 1327 3548 mysteriis
1348 3450 1528 3551 instituta
1540 3447 1577 3521 in
1600 3403 1682 3525 Es:-¹

389 3554 545 3644 cledis,
573 3553 662 3627 vel
653 3578 691 3627 ιιι
713 3553 768 3631 Or
771 3556 901 3630 atoriis
925 3555 974 3630 ab
994 3555 1184 3649 Episcopo
1201 3552 1434 3648 designatis,
1462 3566 1500 3623 et
1522 3552 1680 3625 νίιὶιιιι-Ι

388 3658 473 3747 dis,
502 3660 602 3732 haud
622 3679 712 3731 vero
729 3654 820 3731 alibi
839 3659 1018 3754 erigenda
1037 3671 1147 3728 sunt:
1171 3655 1344 3727 Γιίιιειιι.
1360 3652 1466 3726 Sess
1484 3672 1580 3723 ,ιιιιι
1597 3654 1680 3729 De·

387 3780 481 3837 eret.
502 3762 546 3834 dc
561 3747 789 3836 observant.
806 3775 844 3837 et
860 3757 1057 3835 evitondss
1042 3778 1080 3829 to
1094 3755 1227 3832 celebr
1232 3756 1397 3830 Missae.
1413 3756 1499 3845 Quo
1519 3756 1679 3830 decreto

385 3859 468 3939 tum
491 3864 776 3959 privilegium,
796 3877 870 3961 qu'o
897 3860 1070 3936 nonnulli
1088 3855 1303 3958 Reguln'res
1325 3857 1572 3945 fruebantur,
1604 3856 1679 3931 ab·

383 3982 560 4063 rogatum
579 3982 660 4054 est3
677 3968 812 4041 utendi
840 3963 986 4037 ¹scilicet
1010 3965 1119 4039 altari
1144 3961 1336 4056 portatili:
1361 3975 1441 4033 tum
1466 3911 1677 4056 Episbopis
1715 4014 1718 4019 -

385 4069 546 4143 facultas
578 4069 741 4143 ademta
764 4085 828 4141 est
855 4068 1006 4141 veniam
1033 4059 1314 4159 impertiendi,
1346 4079 1386 4135 ut
1422 4064 1459 4134 in
1497 4060 1681 4137 domibus

384 4170 545 4267 privatis
568 4170 686 4245 Missa
715 4168 955 4258 celebretur,
986 4167 1139 4241 tametsi
1164 4168 1200 4239 in
1230 4168 1304 4240 illis
1330 4166 1509 4245 Oratoria
1541 4164 1677 4239 divino

382 4274 502 4351 cultur
523 4276 571 4347 d
574 4276 711 4346 stinata
733 4288 922 4346 exstructa
947 4273 1046 4345 sint·
1076 4272 1101 4345 F
1105 4294 1272 4367 agnanus
1297 4268 1348 4343 ad
1366 4268 1460 4361 Cap
1488 4275 1526 4339 ln
1546 4266 1606 4338 his
1629 4265 1675 4342 de

316 4374 318 4378 ’
381 4376 618 4482 Prioilegiis.
645 4367 914 4450 Veruntamen
931 4369 1078 4472 integra
1105 4374 1303 4468 Episcopis
1322 4373 1574 4487 praerogativa
1592 4387 1679 4442 ser-¹

381 4496 470 4588 vata
503 4498 572 4556 est
585 4471 763 4557 habendi
784 4467 999 4582 privatum
1007 4476 1270 4560 Oratorium
1260 4497 1299 4549 ιιι
1332 4474 1532 4644 propriis
1528 4471 1713 4560 aedibus,

464 4631 497 4647 .,
1538 4569 1672 4649 'srrae
