4034 5275
771 455 925 540 Lrber
939 459 1001 537 II
1013 458 1047 537 T
1045 459 1165 535 :tulus
1175 459 1217 534 X
1220 458 1318 535 X
1577 484 1652 563 199

390 530 652 641 Monacborum
680 561 771 640 Can.
789 586 952 640 mm
976 563 1094 638 Coos.
1128 565 1173 637 16
1200 564 1350 662 Quaest.
1368 560 1415 637 :I.
1681 566 1705 581 ”

440 668 506 743 lV.
534 668 664 743 Tertia
686 669 842 741 demum
863 666 1058 740 Beneficia
1078 667 1321 740 adnectendi
1359 664 1486 756 ratio,
1521 667 1577 741 uti
1607 665 1677 745 ob.-

389 787 515 845 servat
529 770 716 887 Espenius
735 770 848 843 Part.
865 769 918 844 ll
938 768 984 841 T
970 784 1018 843 rt
1033 767 1076 839 X
1080 767 1122 839 X
1127 768 1151 840 I
1155 769 1196 840 X
1220 788 1304 863 cap.
1326 792 1341 840 1
1367 791 1443 865 n.9
1472 770 1597 864 potius
1615 772 1680 847 Be·

388 873 512 946 neficii
544 874 755 961 extinctio,
791 888 829 944 et
854 871 1069 967 suppressio
1099 871 1262 946 dicenda
1295 888 1382 960 est,
1420 893 1535 988 quam
1563 874 1679 969 Unio:

389 998 502 1072 quum
529 970 789 1064 Beneficium,
820 977 921 1072 quod
951 974 1194 1062 adnectitur,
1222 974 1379 1047 omnino
1407 974 1678 1090 supprimatur

387 1074 576 1173 Exemplo
607 1080 684 1167 sit,
718 1099 833 1174 quum
860 1073 1163 1158 Canonicatus
1153 1098 1192 1148 ιιι
1229 1075 1467 1174 Dignitatem
1500 1078 1678 1175 erigatur:

388 1177 452 1253 ubi
479 1181 633 1296 quidem
665 1182 793 1256 titulus
810 1176 1054 1256 Cauonrcalrs
1084 1198 1153 1317 per
1186 1179 1491 1274 suppressionem
1522 1181 1680 1257 omnino

368 1283 631 1380 extinguitur.

439 1384 488 1459 V.
515 1385 789 1459 beneficiorum
815 1387 992 1460 unionem
1022 1383 1172 1459 nonnisi
1201 1382 1373 1480 legitima
1396 1405 1444 1458 ex
1470 1406 1582 1460 causa
1610 1386 1680 1462 lie·

386 1485 421 1559 ri
441 1486 500 1562 sas
525 1504 605 1562 est:
636 1489 686 1559 nir
688 1489 814 1561 nirum
846 1511 961 1604 quum
993 1492 1056 1562 vel
1084 1489 1241 1561 evidens
1265 1487 1500 1578 necessitas,
1531 1489 1592 1561 vel
1610 1512 1683 1584 pu·.

380 1582 502 1664 blica
521 1591 663 1664 utilitas
698 1591 803 1663 illam
834 1592 975 1688 exigat.
998 1589 1191 1686 Praecipua
1223 1588 1456 1663 necessitatis
1487 1603 1680 1664 causaest

361 1686 645 1767 .Ecclesiarum
676 1708 901 1788 paupertas:
941 1691 1115 1780 scilicet,
1148 1689 1211 1765 ubi
1240 1714 1325 1784 con]
1331 1707 1450 1764 unctae
1489 1713 1678 1810 congruos

387 1791 533 1877 Pastori
555 1793 722 1868 tribuant
747 1796 919 1886 reditus,
942 1817 1035 1895 quos
1057 1794 1251 1886 disiunctae
1277 1795 1520 1888 suppeditare
1546 1795 1680 1892 nequi-

387 1890 504 1969 bant:
494 1896 649 1971 ·.C0nc
666 1899 789 1970 Tolet
808 1897 1004 1987 XVlCnn.
1019 1919 1048 1971 V
1056 1894 1365 1993 ,GregoriuslVl.
1381 1895 1468 1970 Lib.
1485 1896 1536 1968 Il
1564 1914 1619 1990 ep.
1630 1917 1677 1995 35

363 1996 440 2070 'od
456 2003 632 2094 Episcop.
650 1999 897 2075 Veliternum.
925 2000 1045 2075 Conc.
1063 1999 1237 2071 Trident.
1270 1997 1377 2071 Sess.
1396 2019 1489 2068 xri
1513 1997 1679 2089 Reform.

386 2119 507 2194 caps
543 2102 743 2197 Episcopis
773 2105 839 2174 dat
867 2102 1087 2177 facultatem
1112 2098 1300 2173 Beneficia
1321 2098 1463 2173 Curata
1499 2123 1678 2195 quaecun-

387 2224 459 2300 que
494 2221 649 2300 propter
685 2225 816 2278 eorum
852 2218 1117 2301 paupertatem
1147 2202 1403 2290 adnectendi,
1436 2203 1527 2274 licet
1560 2225 1678 2298 gene-

386 2305 541 2394 naliter,
573 2307 636 2380 vel
666 2307 883 2402 specialiter
907 2319 1136 2454 reservata,
1161 2321 1225 2380 aut
1256 2305 1597 2472 quomodocunque
1614 2307 1681 2382 ad-

383 2405 505 2483 fecta
516 2410 601 2482 sint.

387 2511 504 2586 Vl.
531 2511 715 2586 Utilitatis
742 2533 864 2586 causae
889 2525 975 2584 sunt
996 2531 1012 2580 1
1033 2531 1149 2604 quum
1182 2509 1385 2583 imminuto
1415 2509 1584 2583 fidelium
1605 2534 1678 2585 nu·

387 2632 495 2689 mero
516 2614 687 2689 locorum
707 2614 883 2690 vicinitas
903 2611 1082 2687 unionem
1106 2610 1261 2706 publico
1284 2596 1387 2685 bono
1403 2614 1593 2706 postulare
1623 2615 1680 2688 vi·

386 2717 536 2793 deatur.
567 2718 602 2791 S.
622 2714 831 2816 Gregorius
847 2719 911 2792 Μ..
923 2714 1098 2793 iudicata
1116 2712 1273 2808 Epistol
1272 2736 1295 2786 a
1313 2732 1360 2810 35
1387 2712 1623 2805 Cumanam,
1640 2733 1679 2792 et

384 2816 617 2895 Misenatem
645 2820 839 2896 Ecclesias
861 2820 908 2893 in
940 2839 1072 2892 unam⁴
1099 2821 1362 2913 conjungens,
1392 2818 1530 2913 unique
1563 2818 1681 2895 Bene·

383 2939 477 2998 nato
509 2925 696 3020 regendas
730 2926 904 3009 tradens,
925 2924 1027 2995 hanc
1050 2920 1175 2995 adfert
1206 2921 1414 2994 rationem:
1434 2924 1597 3014 quoniorn
1616 2946 1680 2996 ner

384 3020 501 3121 longo·
521 3027 670 3101 itineris
691 3028 815 3118 spatio
845 3024 934 3098 rire
963 3024 1138 3122 sejunctae
1163 3037 1248 3097 sunt
1265 3046 1366 3113 ,·nec
1392 3016 1585 3122 (peccoris
1607 3026 1680 3118 fa·

387 3122 598 3228 aientibus)
615 3141 725 3199 tanta
739 3128 864 3221 populi
880 3126 1075 3202 multitudo
1100 3141 1181 3215 est,
1205 3145 1244 3201 nt
1252 3124 1452 3221 singulos,
1447 3130 1561 3200 >sicut
1579 3128 1681 3220 olim,

385 3226 520 3304 habere
547 3227 708 3303 debeant
712 3229 958 3304 docerdotes.
971 3230 1099 3303 Ροιιο
1111 3230 1286 3325 sequutis
1317 3228 1551 3342 temporibus
1582 3232 1681 3305 adeo

386 3327 427 3404 iu
459 3332 526 3405 illa
549 3334 717 3427 regione
749 3334 910 3429 populus
943 3329 1146 3419 decrevit,
1178 3345 1232 3402 ut
1253 3329 1336 3425 ipsa
1363 3330 1479 3403 etiam
1505 3330 1679 3407 Ecclesia

341 3432 363 3484 -’
386 3427 580 3521 Cumana,
603 3436 784 3508 Misenati
801 3456 958 3530 prorsus
969 3432 1159 3520 extructa
1182 3450 1372 3526 superstes
1381 3453 1463 3521 Jam
1477 3432 1583 3523 sola
1608 3458 1678 3508 sae-

385 3535 473 3609 culo
490 3532 732 3620 xrrfinebnte
747 3536 929 3612 Ecclesiae
944 3536 1240 3631 Neapolitanae,
1272 3535 1475 3629 cujuserat
1491 3531 1679 3635 suffraga-
1687 3569 1697 3602 ι

383 3656 473 3727 nea,
489 3641 646 3712 adnexa
656 3641 733 3726 sit,
741 3638 926 3713 Paroc'nia
943 3637 997 3711 ibi
1013 3653 1157 3727 erecta,
1176 3654 1213 3712 et
1232 3641 1349 3718 sacris
1365 3677 1405 3714 a.
1409 3659 1490 3733 qu...
1494 3679 1505 3716 ι
1518 3639 1678 3715 Sancto

382 3760 469 3813 rum
491 3739 654 3813 Maximi
688 3741 784 3812 Le'v.
798 3742 985 3828 Cumani,
1008 3741 1190 3835 juliana,
1222 3758 1261 3813 et
1279 3743 1430 3817 Pueruli
1462 3747 1678 3835 trimestris,

381 3864 465 3938 quae
485 3841 533 3914 in
544 3842 770 3916 Cathedrali
786 3841 960 3915 Cumana
977 3841 1150 3917 Ecclesia
1178 3831 1478 3921 adseruabantur
1489 3848 1679 3948 ,Neapo-

384 3944 452 4024 litn
476 3946 686 4021 translatis:
712 3943 871 4020 Chiocc
893 3942 983 4034 Cat.
1005 3943 1049 4015 de
1071 3946 1268 4040 Episcopi:
1292 3946 1419 4045 Neap.
1448 3954 1486 4023 in
1504 3950 1625 4036 Aurei
1624 3973 1677 4026 mo

362 4066 445 4120 και.
465 4068 589 4144 1292,
614 4065 653 4123 et
679 4046 771 4122 ibid.
796 4048 840 4121 de
852 4048 1026 4142 Eprseop
1040 4049 1135 4122 Eocl
1136 4072 1187 4122 es.
1218 4051 1392 4168 Cumano
1409 4053 1676 4199 Neapolitanae

381 4152 499 4223 unito
561 4214 563 4217 .

384 4252 523 4330 ...vu
550 4252 684 4328 Altera
722 4253 896 4327 utilitatis
926 4276 1040 4329 causa
1071 4269 1152 4341 est,
1182 4278 1298 4351 quum
1337 4263 1604 4350 commodius,
1637 4274 1676 4338 et

381 4300 510 4428 utilius
532 4378 765 4450 perunum,
795 4379 909 4454 quam
936 4380 1003 4451 per
1022 4356 1148 4451 plures
1166 4375 1335 4453 pastores
1355 4364 1522 4458 pluribus
1542 4362 1676 4439 Eccle-

379 4441 445 4531 riis
478 4458 704 4554 servitium,
733 4475 772 4536 et
802 4458 1026 4557 obsequium
1044 4478 1278 4584 praestetur:
1295 4464 1469 4543 chamna
1486 4468 1508 4543 1
1523 4473 1555 4557 §.
1581 4471 1675 4545 ode

462 4624 465 4631 .
1576 4570 1684 4661 διι-
