4034 5275
451 484 531 584 136
779 486 1060 563 Institutionum
1074 485 1338 565 canonicatus»
1441 499 1444 506 ’

414 591 534 682 judici
553 587 730 664 Saeculari
755 592 908 666 tradere
929 613 1080 680 reum,
1113 594 1253 692 dequo
1271 591 1714 689 vehementetsuspica·

420 710 512 783 tur,
543 707 746 797 exceptum
778 709 1017 813 perpetrasse
1047 695 1222 786 crimen,
1251 696 1392 791 poterit
1410 718 1496 768 eunr
1509 697 1713 787 jurenses·

412 796 583 991 1Γῖιιιιιίι,
572 817 732 894 ,quam
773 796 932 870 minimo
964 797 1128 900 educere
1160 798 1349 895 strepitu,
1391 820 1438 870 ex
1456 797 1580 893 praef
1606 802 1718 895 Lege.

448 898 526 971 nnlt
564 900 586 948 *

417 1042 424 1051 ·
469 895 693 1102 (**)(XbllV.
720 1000 757 1074 Si
774 1002 823 1076 ad
837 997 1051 1078 Ecclesiam
1068 1002 1283 1100 perfugiens
1301 1001 1499 1075 haeresis
1471 1023 1556 1076 reus
1574 1002 1712 1077 existi..

416 1120 568 1194 metor,
598 1104 784 1178 haereticae
808 1105 1008 1200 pravitatis
1025 1105 1256 1203 lrrquisitor,
1283 1105 1363 1177 sine
1386 1105 1544 1179 obtenta
1561 1102 1610 1180 ab
1628 1103 1711 1181 Or-

416 1206 565 1279 dinatio
588 1205 743 1280 licentia
772 1207 897 1302 ipsum
926 1230 995 1304 per
1027 1229 1067 1281 se
1099 1205 1148 1282 ab
1175 1207 1348 1282 Ecclesia
1379 1208 1545 1281 educere
1580 1222 1712 1302 potest

414 1304 449 1379 S.
468 1306 683 1382 Tribunalis
710 1305 925 1384 carceribus
956 1311 1253 1385 detrudendum:
1274 1306 1464 1384 tenebitur
1490 1327 1621 1382 tamen
1639 1315 1707 1384 ln·

413 1409 570 1526 quisitor
589 1413 755 1486 velante
772 1431 1000 1508 capturam,
1037 1415 1099 1487 vel
1117 1430 1274 1508 postea,
1304 1410 1496 1506 Episcopo
1514 1413 1562 1486 de
1579 1433 1625 1487 ea
1645 1436 1708 1488 ra·

411 1511 455 1584 ιΓ
453 1535 555 1587 ›nenr
572 1515 752 1603 reddere,
767 1530 847 1590 tum
864 1532 1018 1612 propter
1035 1514 1292 1591 reverentiam
1300 1513 1545 1608 Episcopalis
1564 1515 1710 1612 Digni·

412 1616 525 1705 tatis,
554 1633 634 1725 turn
651 1619 768 1691 etiam
787 1635 826 1690 ut
844 1635 1026 1716 quantum
1046 1617 1101 1691 las
1119 1617 1186 1708 sit,
1204 1616 1546 1691 Ecclesiasticum
1536 1639 1592 1707 Jus
1613 1618 1703 1690 illae

413 1737 497 1792 sum
513 1737 699 1796 servetur·
714 1719 939 1795 Benedictus
955 1719 1059 1796 xlv·
1072 1719 1214 1814 Elapso
1230 1719 1393 1817 proximo
1406 1723 1545 1808 anno§
1555 1716 1640 1794 III.
1646 1718 1686 1822 (*
1686 1721 1703 1822 l

657 1919 738 2028 (**)
749 1923 948 2000 Crinisum
964 1937 1197 2023 exceptorum
1213 1926 1386 2002 recensio
1396 1918 1476 2026 (*),

417 2127 666 2234 ·.(**)XXV
690 2130 880 2208 Crimina·
876 2084 1078 2228 excepta,
1105 2131 1207 2230 quod
1224 2144 1372 2281 spectat
1383 2132 1470 2223 J'ure
1485 2128 1598 2225 Asyli
1615 2153 1695 2206 non

462 2238 580 2307 udent
1711 2275 1714 2280 ·

409 2257 481 2405 ga1
515 2335 655 2408 Delicti
672 2333 767 2405 laesae
788 2335 860 2424 maj
863 2333 990 2405 estatis
1008 2332 1080 2404 rei:
1093 2299 1259 2406 Constit.
1271 2276 1451 2426 Gregorii
1466 2294 1554 2402 XV:
1569 2330 1693 2428 Quum

406 2434 536 2551 olias,
566 2450 606 2506 et
627 2433 839 2531 quicunque
853 2455 969 2506 sacrae
991 2435 1137 2530 Regum
1154 2432 1349 2526 Majestati
1368 2432 1507 2505 laedere
1530 2449 1697 2510 tentave

407 2535 485 2610 rint
499 2550 610 2625 ,saut
631 2539 683 2610 ad
710 2538 876 2625 eundem
906 2536 1147 2630 spoliandum
1172 2536 1299 2634 aliqua
1326 2555 1478 2607 suarum
1503 2534 1705 2618 ditionum,

406 2656 516 2737 parte
521 2640 709 2817 [occultas
736 2638 991 2736 confleverint
1022 2640 1324 2734 conjurationes·
1345 2637 1499 2716 Concor.
1516 2658 1576 2711 an
1596 2659 1704 2741 ι737

407 2743 508 2816 Art.

458 2866 482 2917 2
512 2843 754 2934 Homici'dae,
779 2846 845 2944 qui
860 2844 1002 2919 animo
1027 2842 1262 2933 deliberato,
1278 2866 1324 2918 ac
1342 2842 1696 2939 praemeditatoali·

406 2968 520 3044 quern
545 2948 838 3022 interfecerunt.
869 2946 1096 3021 Benedictus
1111 2949 1196 3021 Xlll
1212 2946 1377 3022 Constit.
1398 2944 1458 3018 Ex
1475 2970 1556 3041 quo:
1574 2945 1693 3021 etiam

405 3049 603 3135 mulieres,
616 3051 727 3123 nullis
742 3048 980 3127 obstantibus
997 3050 1225 3149 privilegiis:
1244 3047 1697 3123 BenedictuleXCot'rs·

403 3150 464 3226 tit.
473 3148 608 3244 Officii
625 3156 807 3242 NortrIS.
815 3149 962 3228 VIII
978 3152 1029 3226 Et
1045 3152 1306 3226 Ecclesiastici
1332 3174 1391 3243 qu
1377 3153 1585 3248 juscunque
1614 3151 1703 3249 gra

403 3253 498 3338 dos,
516 3253 768 3347 acssrdin'is3
778 3256 986 3353 Regulares
1001 3277 1154 3355 quoque
1171 3254 1345 3348 cujusvis
1350 3252 1529 3342 Ordinis,
1546 3270 1609 3328 aut
1623 3255 1701 3329 Mi·

404 3355 495 3430 litiae
507 3360 795 3456 ,cujuscunque
808 3359 973 3455 gradus,
992 3369 1063 3432 aut
1070 3358 1331 3444 conditionis
1354 3371 1392 3429 et
1409 3354 1693 3476 quibuscunque

402 3412 615 3555 privilegiis
632 3483 716 3533 non
726 3458 990 3547 obstantibus,
1018 3461 1227 3532 dummodo
1244 3462 1293 3533 de
1306 3458 1513 3532 commisso
1530 3459 1694 3536 crimine
1715 3552 1718 3556 .

404 3558 579 3655 aludice
596 3559 867 3650 Ecclesiastico
892 3576 1175 3659 cognoscatur,
1209 3576 1247 3633 et
1276 3562 1463 3647 sententia
1492 3537 1590 3635 citra
1607 3586 1693 3657 poe·

401 3682 491 3734 narn
522 3664 726 3758 sauguinis¹
746 3665 920 3753 feratur,
908 3689 918 3706 ·
933 3723 935 3728 .
952 3662 1037 3737 eod.
1049 3665 1213 3739 Constit.
1235 3662 1432 3738 Benedicti
1450 3662 1539 3736 XlV
1560 3669 1594 3751 §.
1607 3663 1656 3735 V
1660 3666 1693 3753 I

397 3773 438 3838 et
450 3761 502 3835 V
500 3768 526 3842 I
532 3763 565 3841 I
583 3767 752 3843 Demutu
760 3767 972 3864 quicunque
988 3766 1180 3840 homicida
1198 3768 1361 3860 cujusvis
1379 3787 1515 3852 sexus,
1543 3767 1703 3840 ordinis
1745 3838 1751 3848 ,

399 3884 470 3942 aut
493 3869 734 3965 dignitatis,
738 3870 839 3969 qui
828 3868 999 3959 baculo,
1029 3884 1099 3944 aut
1128 3891 1219 3942 saxo
1249 3868 1466 3965 proximum'
1490 3869 1696 3959 occiderit,

323 4022 326 4027 «
349 4060 352 4064 .
399 3968 466 4041 ubi
479 3991 526 4041 ex
542 3972 672 4048 delicti
689 3971 970 4046 circunstantiis
987 3970 1254 4069 dignoscatur,
1269 3987 1397 4061 actum
1412 3970 1546 4059 illurn,
1559 3993 1691 4075 quam·

398 4070 457 4144 vis
480 4071 518 4142 in
543 4074 651 4160 rixa,
684 4097 758 4148 non
793 4097 911 4160 casu,
943 4090 1008 4147 aut
1036 4074 1248 4158 necessaria
1281 4057 1531 4161 defensione,
1555 4070 1622 4150 sed
1644 4097 1694 4151 ex

330 4255 332 4259 ¹
399 4173 517 4262 odio,
541 4191 605 4247 aut
625 4176 786 4250 nocendi
803 4177 955 4265 animo,
979 4200 1026 4250 ac
1043 4176 1238 4249 uoluntate
1257 4173 1558 4271 prodiissesead.
1576 4176 1694 4252 Conse

389 4278 468 4352 tit
480 4274 552 4362 §.I
556 4276 626 4365 X
630 4282 764 4394 etqui
782 4300 898 4373 opem
916 4333 928 4367 ,
947 4279 1012 4356 vel
1035 4278 1217 4352 auxilium
1244 4281 1292 4353 ad
1317 4278 1358 4352 iu
1379 4277 1643 4373 praestiterint.
1650 4280 1700 4353 -si

400 4391 549 4458 tanturn
569 4380 712 4477 viginti
731 4391 937 4466 annorum
950 4396 1101 4455 aetatern
1117 4381 1388 4576 ειιιιΓειιειΓιιι
1417 4379 1584 4455 Constit.
1604 4380 1694 4494 Cle·

400 4498 539 4552 meotis
557 4483 624 4556 Xll
645 4482 776 4562 Anas
781 4482 918 4571 Noss
927 4481 982 4560 V
991 4483 1098 4562 1
1523 4573 1528 4583 f
1564 4541 1568 4548 -
1618 4521 1690 4660 Α·

1656 4607 1695 4660 ς.
