4034 5275
377 408 434 488 86·
713 405 1276 491 lassiortmmc'anmtearun

357 511 652 615 Septuage'simae
673 520 790 616 u'sque
820 517 870 593 ad
889 515 1132 593 Dominicam
1165 514 1204 588 in
1222 508 1362 600 Alba,
1390 506 1654 607 attentates,

357 619 535 715 proxima
558 636 647 695 ante
664 619 965 695 adscensionem
986 639 1102 715 usque
1128 616 1178 692 ad
1205 616 1342 690 festum
1357 613 1655 711 ⁸SS.Trioitntis,
1681 686 1684 695 .

358 719 416 795 uti
429 720 604 797 Andreas
620 720 822 796 Albalatus
850 722 889 796 in
915 721 1017 796 laud.
1034 718 1199 795 Constit·
1212 718 1305 815 Syn.
1319 715 1484 792 Constit.
1498 716 1654 821 deMas

358 824 556 914 arimonio,
576 824 638 898 cui
655 840 841 900 consonat
853 824 1072 920 Alphonsus
1089 821 1246 918 Sapiens
1261 823 1354 915 Leg.
1367 816 1523 896 XVIII
1538 816 1653 895 Titus

352 922 458 997 loll
470 925 579 1001 Part.
589 925 615 997 l
617 923 666 998 V
663 921 734 1028 .(*)
746 927 832 1020 Qua
850 926 889 999 in
906 948 948 1000 re
964 947 1080 1023 quom
1098 923 1203 999 varia
1219 937 1318 998 esset
1332 917 1469 1020 ubique
1484 920 1655 1019 discipli

359 1046 439 1114 na,
469 1027 644 1124 synodus
661 1029 887 1105 Tridentino
917 1043 958 1102 ut
988 1026 1216 1101 dissidentes
1232 1020 1495 1105 inclamarunt¹
1523 1034 1653 1101 mosei

359 1147 640 1223 componeret,
669 1153 715 1203 ac
748 1131 861 1205 simul
889 1146 1040 1225 tempus
1070 1129 1241 1204 clausum
1269 1125 1430 1201 nimium
1457 1124 1651 1221 prolixum

363 1230 601 1327 aliquantum
634 1237 880 1307 contraheret
912 1231 1019 1305 Sess.
1039 1250 1168 1325 aare(
1192 1226 1282 1321 Res.
1298 1228 1476 1311 Matrim.
1504 1247 1588 1323 cap.
1606 1246 1674 1307 to¹

360 1331 463 1415 hano
488 1335 724 1408 sanctionem
755 1335 875 1408 edidit
889 1356 907 1405 t.
932 1331 1000 1407 Ab
1023 1332 1202 1407 Adventu
1231 1328 1384 1403 Domini
1414 1333 1536 1402 nostri
1555 1327 1656 1423 Jesu

360 1430 537 1524 Christi,
569 1460 679 1531 usque
699 1441 738 1509 in
754 1436 849 1512 diem
862 1435 1116 1531 Epiphania,
1144 1447 1184 1508 et
1211 1428 1238 1505 a*
1257 1431 1365 1527 feria
1394 1444 1534 1527 quarta
1545 1428 1653 1509 Cine-

358 1556 437 1610 rum
471 1561 579 1634 usque
609 1542 646 1611 in
664 1540 849 1612 Octavam
868 1538 1072 1612 Panchaeis
1092 1535 1274 1610 inclusive
1304 1533 1478 1628 antiquas
1510 1530 1657 1611 soltan-

358 1640 455 1710 nium
485 1643 702 1735 nuptiarum¹
722 1640 994 1734 prohibitiones
1025 1638 1226 1733 diligenter
1242 1633 1295 1709 ab
1308 1634 1468 1708 omnibus
1483 1635 1659 1715 observa-

362 1741 400 1811 ri
417 1742 463 1813 S.
479 1740 651 1830 Synodus
664 1745 862 1837 praecipit:
885 1746 923 1815 iu
948 1743 1039 1814 aliis
1060 1761 1147 1813 vero
1164 1735 1386 1832 temporibus
1405 1740 1559 1832 nuptias
1576 1740 1656 1813 sol·

362 1838 533 1915 lemniter
566 1843 749 1916 celebrari
781 1847 984 1938 permittit.
1012 1843 1110 1914 Tum
1136 1838 1229 1913 ibid.
1259 1840 1352 1915 Cau.
1368 1858 1422 1911 ιι
1446 1840 1655 1923 anathema

365 1939 508 2039 infligit
536 1944 576 2018 in
606 1967 698 2033 eos,
726 1945 789 2042 qni
806 1945 974 2019 dixerint
985 1940 1267 2040 prohibitionem
1293 1940 1557 2015 sollemnitatis
1572 1962 1660 2041 nup

362 2044 503 2117 tiaram
518 2049 633 2122 certis
645 2051 731 2121 anni
748 2047 969 2142 temporibus
995 2046 1291 2140 superstitionem
1321 2064 1400 2116 esse
1416 2045 1656 2134 tyrannicam

360 2144 667 2223 abEthnicorum
683 2150 955 2243 superstitione
961 2145 1187 2242 profectam.
1622 2150 1625 2155 ’
1660 2216 1665 2221 .

416 2246 506 2322 vn.
533 2251 649 2347 Porro
668 2252 851 2324 hactenus
872 2252 977 2324 dicta
998 2249 1224 2321 sollemnem
1244 2246 1429 2321 duntaxat
1445 2248 1656 2348 conjngntn

362 2342 675 2422 benedictionem
695 2351 926 2446 respiciunt,
946 2371 1081 2446 easque
1097 2371 1257 2446 pompas
1274 2403 1289 2438 ‚
1306 2371 1353 2423 ac
1369 2348 1575 2425 sollemnes
1585 2375 1658 2449 ap-

363 2449 583 2543 parationes
600 2505 613 2540 ‚
639 2475 720 2548 quae
738 2453 890 2548 nuptias
905 2452 1165 2541 comitantur,
1196 2453 1298 2525 hand
1315 2474 1408 2525 vero
1422 2451 1547 2548 ipsum
1562 2474 1657 2529 oon·

364 2562 530 2635 tractum
566 2555 887 2629 matrimonialem
927 2577 1059 2630 coram
1082 2553 1280 2644 Parocho‚
1312 2569 1351 2626 et
1365 2587 1370 2607 ³
1385 2550 1557 2629 testibus.
1585 2557 1655 2632 Ad

362 2675 447 2729 sem
465 2656 668 2754 lSynodns
685 2658 861 2733 Provinc.
871 2659 998 2753 Neap.
1011 2656 1111 2752 Cap.
1120 2679 1187 2750 40:
1204 2656 1326 2754 Qum
1341 2659 1481 2752 aaptiae
1497 2656 1656 2733 interdi-

361 2758 400 2829 ci
428 2755 599 2833 dicantar
629 2758 678 2831 ab
702 2759 882 2835 Adventu
907 2761 1057 2833 Domini
1088 2762 1261 2852 usquein
1292 2757 1386 2832 diem
1415 2757 1656 2855 Epiphaniae

365 2878 495 2930 rursus
511 2859 551 2931 'd
571 2859 684 2952 s'eria
706 2876 841 2953 quarta
860 2859 1029 2935 Cinerum
1061 2884 1170 2956 usque
1198 2860 1249 2933 ad
1270 2860 1459 2935 Octavam
1481 2861 1657 2940 Pascha-

360 2961 415 3042 tis
444 2960 650 3052 inclusive,
682 2961 835 3035 doceant
849 2962 1013 3039 Parocbi
1041 2962 1233 3057 populum,
1256 2961 1324 3038 duo
1345 2976 1547 3041 tantunaco
1562 2973 1657 3042 tera*

360 3080 454 3155 pore
481 3060 529 3132 ab
554 3063 726 3138 Ecclesia
751 3064 968 3157 prohiberi:
1000 3088 1144 3160 quoram
1175 3064 1333 3138 alterum
1355 3080 1442 3155 est,
1468 3066 1657 3144 satteants

365 3161 573 3237 benedictio
587 3166 799 3268 conjugum:
831 3167 988 3241 alterum
1005 3189 1121 3254 vero,
1149 3191 1192 3240 ue
1214 3165 1350 3240 dantum
1373 3171 1452 3247 viri
1473 3191 1553 3243 cum
1575 3171 1681 3247 aba·

362 3268 466 3353 reis,
493 3271 672 3358 musicis,
695 3270 852 3363 aliisque
869 3266 1181 3344 sollemnitatibus
1197 3289 1294 3342 nova
1309 3292 1400 3346 uuor
1414 3269 1653 3349 traducatur.

360 3363 547 3470 (**)Tnm
563 3371 881 3470 Syn..Aranden3.
915 3374 964 3445 ad
981 3372 1142 3446 Durium
1161 3368 1257 3444 Can.
1273 3395 1360 3446 xva:
1387 3371 1474 3449 Nos
1501 3388 1655 3449 conten·
1691 3465 1695 3471 ⁵

361 3469 490 3546 derrtes
507 3526 519 3559 ‚
552 3471 646 3565 quod
670 3494 762 3543 vera
779 3473 979 3547 Sacrorum
994 3472 1174 3546 Cononem
1196 3476 1352 3547 intentio
1370 3472 1473 3566 fvit,
1488 3475 1556 3548 aba
1572 3493 1656 3551 tam

359 3570 547 3644 Ecclesiae
563 3573 827 3650 sollemnitates
840 3590 918 3665 ‚eet
939 3575 1123 3670 nuptiales
1140 3574 1425 3666 benedictiones,
1440 3587 1544 3671 quam
1560 3600 1654 3652 car·

357 3673 466 3747 ‘noles
492 3675 1201 3773 commisere-nes....strepitus‚mareas,
1212 3677 1479 3778 jaculationes,
1495 3695 1532 3755 ct
1549 3680 1653 3757 altas

360 3778 642 3862 sollemnitates,
657 3799 702 3851 ac
716 3782 908 3869 convivia,
922 3775 1161 3875 temporibus,
1175 3779 1304 3875 quibus
1318 3783 1506 3856 sollemnia
1518 3781 1651 3859 Eccle-

295 3911 298 3926 ··
359 3882 430 3950 eice
446 3881 743 3975 isrrsrdicumur‚
763 3896 801 3953 et
819 3902 996 3973 cessant,
1018 3884 1203 3979 nuptiales
1224 3881 1492 3958 benedictiones
1499 3881 1591 3978 fieri
1605 3886 1652 3963 de

358 3997 480 4055 cetero
491 3983 740 4077 probibemus,
757 3986 993 4084 statuentes,
1010 4001 1054 4060 ut
1070 3988 1131 4082 qui
1147 3998 1277 4058 contra
1291 3985 1495 4088 hujusmodi
1511 4003 1651 4064 nostrae

356 4076 646 4159 Constitutionis
674 4104 830 4165 tenorem
845 4094 1038 4183 sepserit,
1071 4092 1150 4183 ipso
1175 4088 1292 4179 facto
1307 4092 1655 4167 excommunicatim.

355 4187 417 4257 nis
437 4194 654 4263 seutentiam
685 4189 932 4293 incurrerat)
955 4194 1173 4288 Expressins
1193 4193 1346 4268 Rituale
1366 4193 1481 4268 Rom.
1509 4191 1558 4268 de
1580 4193 1651 4270 Sa·

354 4310 554 4365 eramento
600 4295 871 4370 Matrimonii:
911 4292 1154 4369 Meminerant
1198 4294 1360 4369 Parocbi
1394 4294 1421 4368 d
1447 4293 1648 4377 Dominira

343 4399 472 4490 mina
500 4395 701 4481 Adventus
734 4421 845 4501 usque
876 4397 930 4474 ad
957 4400 1051 4475 dien
1083 4395 1343 4502 Epiphania,
1387 4413 1428 4481 et
1463 4396 1638 4476 eiFeris
1662 4389 1696 4472 .‘

1535 4523 1645 4600 quot·
