4034 5275
278 486 311 504 '¹
393 465 424 540 ³6
627 510 630 515 ·
728 465 1014 546 Institutionum
1042 463 1309 544 Canoniearnnt

369 564 912 668 Diocaesani,ae10fficialis
935 574 1105 696 ejusdem.
1130 572 1295 646 Addesis
1320 566 1484 646 Collect.
1504 572 1563 670 Jo.
1588 567 1666 649 Te·

340 693 437 747 -res
461 675 550 749 Lib
568 675 642 752 Ill
660 673 744 751 Tit.
763 673 893 752 XVII
914 695 1003 771 cop.
1027 679 1123 767 onio.
1144 671 1200 776 (*)

376 775 497 852 v-l.
525 780 642 854 Porro
675 768 1008 853 Sacramehtorum
1045 764 1235 853 Ministris
1276 775 1386 897 plura
1426 774 1669 855 observanda

367 881 671 977 praecipiuntur:
701 903 718 957 1
744 880 798 956 Ut
825 884 954 977 piam,
983 899 1231 979 sanctamque
1258 882 1376 956 vitam
1402 880 1571 969 ducant,
1601 883 1669 980 qui

373 1002 526 1078 semper
559 984 683 1080 parati
711 984 786 1057 sint
814 986 864 1059 ad
896 999 1030 1060 sancta
1059 1000 1190 1060 sancte
1218 985 1444 1058 tractanda:
1475 983 1670 1058 Noverint

373 1083 695 1162 Sacramentoram
717 1087 900 1162 Ministri
923 1087 1000 1161 sibi
1022 1091 1268 1162 necessariam
1299 1110 1380 1161 esse
1413 1110 1515 1182 qaum
1536 1091 1672 1182 primis

325 1188 349 1249 ’-
372 1193 605 1266 conscientia
631 1193 863 1284 puritatem,
885 1205 924 1265 et
953 1215 1085 1266 moram
1102 1195 1374 1286 sanctitatem,
1402 1203 1542 1285 quanta
1562 1189 1672 1264 decet

300 1316 304 1321 ·
367 1289 588 1367 Ministros
611 1292 764 1367 Christi
778 1316 796 1381 ‚·
818 1311 856 1367 et
879 1286 1444 1388 dispensatores'Myrteriormn
1473 1291 1564 1366 Dei.
1592 1291 1672 1368 Ea·

371 1391 462 1466 dem
493 1394 589 1490 Syn.
620 1393 801 1470 Provinr.
837 1394 930 1468 ibid.
958 1392 1039 1497 (**)
1070 1395 1148 1469 Est
1179 1398 1275 1471 enim
1304 1397 1547 1489 inquissimam
1579 1391 1668 1495 (ait

367 1491 519 1590 ¹Synod.
552 1495 706 1571 Valent.
741 1521 804 1572 an.
840 1501 938 1594 1565
979 1497 1076 1573 Sess.
1111 1501 1146 1572 ll
1178 1498 1254 1571 Tit.
1287 1498 1320 1571 Il
1353 1519 1439 1591 cap.
1475 1493 1528 1598 1)
1559 1513 1671 1594 atque

368 1599 777 1689 etiamneoessarinm,
807 1621 941 1697 magna
973 1604 1088 1676 animi
1115 1602 1288 1696 paritate
1315 1621 1359 1674 eo
1386 1599 1670 1696 administrare,

368 1723 451 1794 qna
484 1701 703 1775 admirabili
733 1702 809 1776 Dei
838 1701 1008 1798 beneficio
1040 1704 1092 1778 ad
1123 1719 1288 1776 nostram
1318 1706 1473 1776 omnium
1509 1703 1670 1797 salntem

283 1819 287 1834 ¹
368 1817 459 1874 sant
484 1803 591 1877 nobis
610 1805 769 1880 collato.
784 1801 839 1905 (*)
872 1827 895 1879 a
916 1808 978 1880 Ad
998 1807 1248 1881 Sacramenta
1270 1805 1574 1880 administranda
1598 1829 1667 1881 ar·

369 1906 499 1978 cessiti
524 1908 653 1981 statim
677 1907 909 1997 adenrrant,
934 1934 975 1984 ne
991 1911 1027 1981 si
1044 1931 1335 2006 quemqnamsao
1355 1911 1500 1981 incuria
1518 1910 1668 1983 Sacra.

346 2047 353 2063 ·-
367 2019 567 2083 mentorum
587 2009 768 2104 prasidio
788 2010 945 2086 destitui
974 2015 1196 2107 contingat,
1216 2011 1364 2087 divina
1386 2034 1465 2085 sese
1488 2009 1669 2107 indigna'·

355 2110 488 2201 tioni,
510 2125 548 2187 et
562 2115 805 2207 gravissimis
818 2115 1019 2187 ordinarii
1033 2117 1153 2207 panis
1170 2111 1343 2187 obnoxios
1359 2113 1551 2206 efficiant:
1570 2113 1666 2190 ibid.

365 2207 452 2312 (**)
469 2213 614 2287 Srmrha
640 2213 756 2287 habet
777 2215 870 2309 Syn
890 2215 1041 2334 Hispal.
1054 2237 1132 2288 an.
1159 2233 1257 2306 1512
1279 2213 1383 2308 Gap
1399 2216 1480 2288 .:lll
1508 2215 1564 2286 Ut
1589 2236 1668 2288 orn·-

285 2406 290 2412 ·
351 2335 434 2387 ,ner
454 2316 615 2390 Parocbr‘
636 2320 714 2388 sint
743 2315 944 2415 diligentes
967 2321 1018 2388 in
1033 2315 1342 2392 administrando
1349 2315 1447 2391 Son
1439 2333 1497 2389 ta.
1518 2319 1669 2391 Sacra-

366 2433 519 2506 menta,
553 2436 590 2492 et
624 2422 819 2512 signanter
854 2408 1085 2513 Baptismum
1120 2419 1245 2513 infant
1248 2414 1331 2494 ibas
1365 2420 1418 2492 ad
1446 2419 1663 2494 evitandum

361 2521 590 2611 periculum,
612 2519 720 2618 qaod
726 2544 773 2595 eor
795 2519 854 2591 dil
852 2528 973 2595 atione
996 2524 1090 2597 oriri·
1104 2538 1260 2616 posset3
1281 2541 1326 2598 et
1340 2519 1598 2612 exhortando,
1625 2521 1666 2600 e't

352 2623 582 2716 requirendo
612 2648 697 2697 suos
728 2623 977 2699 Parocbianos
1017 2622 1179 2717 irfirrnos
1194 2651 1210 2714 ,·
1245 2640 1287 2697 ut
1320 2621 1515 2715 confiteant
1501 2642 1589 2713 t,ur
1613 2644 1664 2702 et

366 2722 552 2798 Sanctum
577 2721 867 2801 Sacramentdrn
876 2727 1139 2803 Eucharistiae
1162 2730 1357 2821 recipiant.
1377 2724 1415 2825 (*
1418 2723 1431 2825 )
1451 2750 1473 2827 3
1491 2727 1544 2800 Ut
1565 2679 1663 2801 tide·

366 2823 414 2900 lis
440 2825 630 2923 populus,
658 2851 732 2946 qua
758 2847 827 2925 par
849 2845 906 2902 est
932 2830 1175 2920 reverentia,
1188 2831 1254 2905 ad
1277 2830 1521 2905 Sacramenta
1547 2852 1663 2922 acce·

367 2928 464 3019 dut,
493 2930 669 3004 illorum
672 2933 779 3020 uim,
804 2946 841 3005 et
866 2954 970 3006 usum
998 2955 1067 3027 pro
1092 2931 1378 3029 suscipientium
1397 2947 1512 3027 captu
1535 2934 1664 3029 expli·-

365 3052 455 3105 care
475 3056 549 3105 non
570 3034 776 3107 omittant:
804 3035 949 3130 Synod.
969 3036 1143 3109 Trident.
1166 3035 1274 3110 Sess.
1291 3056 1399 3108 aare
1411 3035 1503 3126 Ref.
1521 3054 1600 3129 cap.
1623 3057 1661 3137 7

364 3151 405 3214 et
419 3136 512 3210 ead.
529 3136 623 3233 Syn.
640 3134 754 3209 Prov
776 3133 937 3228 ibidem,
963 3134 1044 3239 (**)
1062 3155 1100 3211 et
1118 3140 1225 3232 praef.
1244 3138 1335 3233 Syn.
1357 3136 1508 3211 Valent.
1525 3138 1661 3212 ibidem

279 3297 282 3305 .
361 3235 506 3333 Gapm
486 3254 602 3328 ,et
624 3240 773 3337 Hapal
791 3239 926 3335 Cap.1
911 3238 1069 3341 1.*()4
1092 3240 1203 3313 Ritus
1218 3264 1347 3339 ,quos
1372 3241 1410 3314 in
1433 3241 1661 3315 Sacramen-

362 3345 492 3418 'tonum
511 3343 843 3432 administratione
864 3344 1073 3419 servandos
1091 3340 1297 3417 Ecclesia
1282 3366 1362 3436 jam
1381 3344 1554 3439 recepit,
1579 3351 1659 3417 non

296 3449 305 3460 ‘
360 3446 482 3519 modo
507 3468 583 3519 non
604 3446 811 3533 omittant,
839 3468 963 3543 ‘neque
981 3461 1258 3533 contemnant,
1282 3448 1350 3519 sed
1374 3468 1446 3519 nec
1468 3447 1585 3540 etiarn
1616 3447 1659 3522 in

360 3569 487 3622 novos
517 3563 781 3632 commutent:
818 3543 963 3644 Synod.
1000 3547 1175 3623 Trident.
1208 3551 1315 3624 Sess.
1352 3568 1410 3623 ru
1442 3527 1660 3625 Corma.

361 3650 449 3740 Qua
472 3651 522 3726 de
550 3653 629 3724 rel
657 3650 749 3747 Syn.
777 3649 889 3725 Prov.
915 3652 1041 3746 Neap.
1064 3648 1156 3745 Cap.
1190 3673 1236 3725 12
1268 3650 1468 3725 decernit:¹
1498 3653 1542 3725 ln
1573 3651 1608 3721 S

351 3770 627 3829 ¹erameniorum
648 3752 974 3828 administratione
998 3752 1218 3828 observetur
1242 3749 1300 3826 R.
1325 3753 1511 3829 Ecclesia
1543 3756 1658 3848 ritus,

350 3855 475 3931 'etad
499 3855 761 3932 Catbedralem
788 3860 827 3928 ia
850 3856 993 3930 ‘ritibus
1021 3880 1061 3929 se
1091 3854 1317 3949 conforment
1344 3849 1548 3943 inferiores
1573 3856 1656 3929 Ec·

359 3960 487 4036 alesia
510 3954 591 4059 (²⁸⁹⁶)
614 3960 728 4033 Unde
745 3960 838 4054 Syn.
861 3959 984 4034 Tolet.
1007 3955 1060 4032 IV
1085 3957 1176 4032 Can.
1206 3978 1316 4031 aava
1335 3956 1428 4031 alias
1457 3979 1550 4032 aar
1572 3964 1653 4051 Jam

358 4064 451 4136 olim
487 4061 741 4149 decreverat,
781 4080 821 4136 ut
852 4062 992 4156 protendo
1013 4059 1244 4150 Presbyteri
1283 4066 1320 4135 in
1354 4062 1554 4135 Parocbiis
1588 4085 1652 4136 or·

358 4164 565 4253 dictantur,
596 4164 758 4240 libellam
789 4163 1008 4257 -Officialem
1044 4162 1071 4236 d
1113 4162 1320 4237 Sacerdote
1352 4187 1416 4239 sno
1447 4167 1652 4260 accipiant,

299 4296 306 4310 ·
356 4285 400 4343 at
417 4270 470 4341 ad
492 4268 688 4341 Ecclesiae
708 4267 782 4339 sibi
803 4267 1003 4360 deputatas
1021 4268 1200 4340 instrasti
1223 4261 1429 4353 accedant,
1434 4289 1493 4338 -ne
1506 4284 1575 4361 per
1592 4273 1653 4365 ig,

355 4372 563 4445 morantium
600 4374 713 4449 etiarn
754 4372 894 4443 divims
934 4370 1197 4442 Sacramentis
1240 4365 1464 4461 offendant,
1506 4376 1564 4444 ita
1607 4391 1650 4448 ut

351 4471 495 4572 parando
513 4472 564 4549 ad
578 4476 780 4568 Litonias,
797 4497 859 4551 ve
843 4473 932 4549 lad
843 4469 1080 4635 lConcil
1065 4495 1145 4550 rom
1152 4475 1318 4551 uenerint
1336 4474 1517 4556 rationem
1533 4473 1652 4567 Epis

360 4611 395 4648 νι
452 4638 470 4651 ..
1579 4600 1643 4653 80·
