4034 5275
647 547 649 550 ¹
751 448 995 531 liberii.
1012 448 1163 531 Titulus
1178 452 1231 567 ζ.
1442 464 1451 483 “
1547 476 1633 556 τος

373 553 512 636 δὐἰνο
540 553 686 642 dimitti
715 580 782 630 non
809 555 951 634 delam.
974 557 1033 631 Et
1053 557 1375 653 tumentemque
1392 553 1496 634 citra
1512 555 1656 654 culpam

346 701 360 713 -·
373 662 543 737 criminis
563 660 744 758 predicti
772 682 916 735 morem
941 684 1043 735 suam
1070 682 1274 759 quocunque
1300 661 1491 758 amariore
1504 660 1659 756 relique·

358 764 431 838 -rit
445 782 471 853 ,‘
486 766 575 859 quia
604 760 813 861 quosDeus
830 763 989 864 jungit,
1020 762 1087 837 ille
1108 782 1285 858 separate
1308 761 1530 859 disposuit,
1562 763 1662 835 lam·

356 867 438 938 ¹eliu
454 865 504 938 ab
521 864 1050 955 Ecclesiasticucommunione
1060 869 1273 960 privatus,
1301 862 1381 940 etri
1396 878 1492 938 coetu
1510 868 1660 938 omnium

354 963 671 1041 *Christianorum
700 983 871 1055 maneat,
896 967 1065 1061 quamdiu
1104 980 1143 1040 et
1176 967 1240 1041 ud
1254 1053 1257 1057 ,
1273 968 1487 1063 sotietatem
1515 966 1661 1043 relicrae

358 1069 544 1169 conjugis
562 1069 719 1158 redeat,
749 1082 790 1143 et
805 1081 955 1163 partem
971 1072 1030 1142 sui
1047 1072 1214 1173 torporis
1235 1067 1387 1147 honesta
1400 1070 1480 1168 lege
1490 1067 1659 1169 conjugii

354 1173 573 1248 &sinteriter
589 1171 859 1267 amplectatur,
886 1185 925 1248 et
934 1169 1145 1272 foveat.(*)
1247 1230 1285 1237 ..
1537 1175 1548 1249 ,’

354 1319 359 1327 -
427 1272 493 1347 ΙΙΙ.
521 1275 610 1372 Jant
624 1296 717 1348 vero
732 1275 887 1371 gravior
903 1273 997 1363 inde
1008 1275 1152 1348 exstitit
1168 1273 1528 1372 quaestinescilicet,
1547 1296 1657 1373 gnum

364 1373 534 1451 inducto
551 1398 664 1450 causa
681 1375 887 1463 adulterii,
909 1377 1066 1473 aliaque
1086 1377 1262 1474 legitima·
1281 1399 1394 1452 causa
1411 1379 1579 1451 divortio
1591 1399 1663 1452 no-

357 1495 444 1550 ·-vas
472 1477 569 1552 inire
588 1478 740 1573 nuptias
771 1478 961 1576 integrum
985 1479 1234 1575 conjugibus,
1256 1479 1321 1553 vel
1339 1480 1476 1553 saltem
1494 1479 1577 1552 viro
1594 1481 1662 1552 ha·

358 1572 552 1655 .-bereturi
586 1579 773 1654 Nonnulli
801 1583 955 1676 quidem
987 1603 1035 1654 ex
1066 1581 1235 1676 antiquis.¹
1253 1578 1452 1670 Patribus,
1482 1580 1539 1654 uti
1559 1580 1659 1654 Lac-

326 1759 328 1762 ⁴
357 1680 516 1755 Ltantius
532 1681 670 1756 Divin.
688 1682 821 1768 Instit.
838 1680 886 1753 V
886 1680 913 1754 l
936 1703 1007 1779 23,
1027 1680 1274 1778 Epiphanius
1291 1681 1563 1756 Haerer..LIX
1576 1706 1609 1755 n.
1619 1703 1657 1776 4,

370 1778 532 1858 Basilius
545 1785 637 1858 Can.
651 1804 704 1856 υ
717 1787 768 1856 ad
781 1785 1098 1878 Amphilochium,
1122 1801 1202 1858 turn
1227 1801 1265 1857 et
1281 1783 1456 1859 Concilia
1473 1786 1660 1880 quedam,

361 1889 588 1978 „praesertim
602 1884 831 1975 Gallicana,
860 1888 914 1967 uti
931 1886 1238 1980 Compendiense
1262 1886 1356 1961 Con.
1376 1907 1467 1960 ata
1477 1884 1592 1962 Cous.
1610 1909 1658 1984 32

372 1985 430 2081 Q.
442 1986 487 2057 V
495 1989 570 2073 ll,
601 1987 869 2060 Vermeriense
884 1987 975 2060 ibid.
990 1990 1228 2075 Condate,
1259 1987 1493 2083 Capitularia
1509 1988 1659 2086 Regum

340 2085 611 2161 ¹¹Francorum
625 2088 742 2184 V19.
761 2089 795 2160 in
826 2110 916 2161 eam
930 2090 1114 2166 ,videntur
1138 2088 1274 2160 abiisse
1307 2089 1565 2177 sententiam,
1596 2091 1662 2163 sci·

362 2186 464 2266 ,licet
491 2212 559 2284 per
581 2190 809 2284 adulterium
840 2190 964 2284 ipsum
997 2189 1165 2286 conjugii
1187 2188 1382 2263 vinculum
1409 2213 1560 2286 prorsus
1587 2189 1659 2268 ab·

370 2292 525 2386 rumpi,
546 2287 737 2391 novasque
755 2295 983 2367 contrahere
1011 2293 1161 2387 nuptias
1179 2291 1550 2368 liceresCbristiani
1567 2317 1658 2392 quo·

362 2413 446 2488 aque
470 2393 664 2489 Principes
694 2395 770 2467 suis
804 2390 952 2490 legibus
978 2395 1106 2489 plures
1142 2395 1446 2485 constituerunt,
1475 2411 1657 2494 tanquam

329 2525 331 2528 ·
369 2491 563 2589 legitimas
597 2495 748 2589 repudii
780 2517 933 2568 causare
964 2497 1126 2582 utinon
1148 2497 1374 2571 adulterium
1411 2499 1557 2588 modo,
1588 2501 1656 2574 ho·

370 2593 597 2687 micidium,
624 2595 880 2687 veneficium,
902 2617 1038 2671 verum
1058 2612 1098 2671 et
1109 2595 1377 2693 sepulcrorum
1394 2598 1656 2692 violationem,

363 2700 671 2787 monachatum,
702 2699 968 2795 captivitatem
993 2700 1093 2775 ultra
1112 2699 1408 2797 quinquennium
1431 2699 1518 2774 διε..
1537 2702 1654 2780 Porro

363 2797 440 2873 *has
468 2801 740 2896 imperatorias
774 2800 904 2898 leges,
935 2798 1002 2875 ubi
1031 2824 1080 2878 ex
1109 2797 1315 2876 levioribus
1342 2802 1464 2875 causis
1496 2807 1683 2899 repudia.
1745 2846 1747 2852 2

368 2904 613 2993 concedunt,
641 2902 855 3001 Evangelio
881 2903 970 2978 satis
983 2904 1191 2979 evidenter
1216 2905 1410 2979 adversari
1441 2926 1554 2980 nemo
1578 2931 1653 2984 non

366 3002 486 3078 ridet.
511 3005 684 3080 Fortasse
700 3005 895 3101 Principes
918 3006 969 3081 ad
996 3006 1198 3082 evitandos
1213 3007 1340 3081 tristes
1356 3011 1653 3105 eventushujus·

347 3107 474 3182 modi
489 3106 656 3182 divortia
677 3106 898 3183 tolerarunt.
1318 3157 1322 3162 ν

365 3238 372 3273 ·.
419 3206 486 3281 tv.
512 3211 566 3283 At
590 3210 767 3306 opposita
795 3210 985 3285 sententia
1013 3212 1253 3287 communior
1285 3211 1433 3286 videtur
1467 3212 1650 3293 fuissem

363 3301 566 3401 Ecclesia,
588 3328 721 3409 atque
748 3313 845 3386 adeo
873 3327 1058 3408 perpetua
1090 3314 1292 3389 traditione
1323 3314 1524 3388 custodita.
1558 3318 1652 3395 Pro-

364 3410 468 3484 fecto
484 3411 673 3510 Origenes
689 3411 787 3489 ibid
815 3413 929 3488 docet
959 3431 1092 3490 contra
1115 3414 1316 3509 Scriptura
1343 3436 1492 3489 sensum
1521 3426 1651 3515 agere,
1761 3499 1765 3509 ,

364 3512 430 3608 qui
451 3514 602 3609 nuptias
621 3531 706 3611 post
727 3516 941 3591 diuortium
953 3518 1181 3592 concedunt.
1196 3518 1304 3589 idern
1322 3519 1477 3592 tradunt
1495 3514 1652 3623 (**)Sy·

362 3616 455 3689 nod.
471 3615 648 3692 Illiberit.
664 3617 757 3691 Con.
770 3640 828 3689 ιι
841 3642 907 3712 per
927 3622 1009 3694 haec
1028 3617 1167 3695 verba:
1194 3618 1340 3695 Fidelis
1356 3619 1515 3713 femina
1528 3676 1541 3712 ,
1554 3651 1647 3720 ·quae

361 3716 571 3789 adulterum
589 3723 775 3789 ,maritum
790 3760 792 3763 ·
806 3722 999 3813 reliquerit
1022 3722 1192 3817 fidelem,
1229 3736 1268 3794 et
1298 3723 1455 3795 alterum
1470 3808 1472 3813 ,
1485 3727 1648 3819 duxerit,

330 3866 333 3872 -
359 3840 429 3891 uon
450 3822 564 3913 prius
585 3821 753 3914 arripiat
770 3818 1078 3912 Commuuionem,
1109 3845 1212 3918 quam
1240 3825 1286 3895 is⁴
1307 3846 1407 3917 quem
1424 3824 1576 3920 reliquit
1602 3831 1647 3905 de

360 3922 496 4019 taeculo
528 3924 696 4014 exierit,
733 3924 808 3995 nisi
838 3929 1041 3998 necessitas
1074 3927 1308 4020 infirmitatis
1338 3925 1428 3998 dare
1468 3932 1645 4024 compule-

356 4019 489 4123 rit.(*)
511 4024 829 4118 Hieron.„·Epist.
845 4040 936 4123 ¹30,
974 4044 1078 4126 147,
1115 4026 1389 4100 Innocentiusl
1437 4030 1567 4123 Epist.
1597 4037 1649 4112 ad

353 4122 581 4218 autpertum
601 4145 699 4221 cap..
714 4126 768 4215 6,
797 4126 1015 4202 Concilium
1033 4127 1198 4203 Milevit.
1213 4128 1445 4219 Comaru,
1463 4132 1650 4231 Augusti„

352 4246 423 4299 nus
466 4226 516 4298 de
541 4226 653 4301 Bono
686 4225 890 4325 conjugali
913 4228 1007 4324 Cap.
1023 4252 1071 4329 7,
1100 4245 1139 4304 et
1157 4230 1292 4303 valeti,
1308 4229 1532 4320 Quinimmo
1559 4239 1650 4313 Au··
1685 4237 1688 4242 ’

353 4327 526 4423 guntinus
555 4344 656 4403 totus
688 4330 727 4402 in
752 4352 798 4404 eo
821 4348 905 4419 est,
934 4352 974 4406 ut
994 4334 1267 4419 ostendat,=et
1300 4334 1454 4429 quidem
1482 4338 1649 4414 rationi·-

349 4426 446 4527 b'us,
484 4431 776 4513 romesinis
804 4432 986 4529 Litteris,
1022 4450 1104 4515 tum
1136 4420 1451 4538 oss'myrterium
1473 4439 1638 4616 ¹ugitntie

338 4561 341 4567 '
371 4574 401 4611 ·,
810 4611 813 4616 ,
943 4613 946 4617 ,
991 4618 993 4622 ,
1077 4578 1081 4623 ;
1531 4543 1636 4626 ῘΙῐῙῧἿ
