4034 5275
736 495 855 574 liber
885 494 1124 573 Ihi'irairrs
1153 496 1242 573 lah
1550 512 1609 592 '93

337 592 573 690 ¹Justinianus
591 597 759 694 indicata
781 605 872 697 Leg.
890 626 951 677 una
972 603 1099 676 sanxit
1123 624 1171 676 ne
1189 604 1354 698 unquam
1372 598 1634 695 ra'pta'rapto·

333 696 377 769 -ci
401 697 654 775 Matrimonio
678 706 955 801 conjungatur,
987 728 1035 779 ne
1059 707 1268 779 accedente
1287 703 1441 801 quidem
1470 721 1634 775 consen-

337 818 384 871 su
411 801 579 877 mulieris
602 824 748 900 raptae,
779 809 842 881 vel
869 825 1071 904 parentum
1096 808 1226 904 ipsius.
1248 808 1354 881 idem
1376 825 1524 904 quoque
1541 825 1631 878 corr·

334 900 514 1006 stitutum
536 909 706 983 occurrit
733 909 771 982 in
792 909 1081 1008 capitularibus
1111 910 1262 1010 Regum
1294 911 1554 993 Francorum,
1584 923 1632 1011 ac

335 1010 554 1097 ipraesertim
573 1009 663 1086 Lib.
684 1009 731 1082 V
730 1011 755 1085 l
777 1018 858 1106 capt
881 1013 960 1113 69,
988 1029 1027 1089 er
1056 1012 1146 1090 Lib.
1171 1013 1265 1088 VII
1287 1030 1372 1107 cap.
1401 1032 1490 1109 349.
1510 1010 1641 1091 Porro.

335 1109 506 1204 sequutis
528 1110 767 1209 temporibus
789 1115 889 1189 illud
907 1117 1004 1211 Juris
1027 1114 1223 1206 obtinuit,
1253 1117 1462 1202 nimirum,
1492 1126 1534 1186 ut
1564 1109 1632 1184 ubi

336 1221 484 1302 rapte,
501 1237 582 1311 quae
601 1217 704 1311 prius
721 1216 925 1308 dissensit,
942 1242 1148 1305 consensus
1166 1219 1443 1306 intervenerit,
1459 1216 1632 1291 validum

337 1309 547 1391 haberetur
578 1320 1251 1399 Matrimoniumr‘lta'Innocentiu's
1272 1323 1325 1394 ili
1356 1324 1394 1393 in
1416 1318 1512 1413 Cap.
1538 1339 1561 1416 7
1585 1316 1629 1391 de

297 1490 304 1498 ,
338 1408 575 1508 Raptoribur
599 1420 677 1496 dre.
699 1423 875 1522 Denique
899 1424 1117 1499 Concilium
1139 1426 1246 1500 Trid.
1270 1423 1378 1497 Sess.
1408 1441 1518 1494 xxiv
1535 1418 1628 1512 Ref.

335 1512 517 1593 Matrini.
533 1541 615 1617 cap.
633 1525 658 1597 6
678 1527 837 1619 provide
854 1526 998 1614 sanxit,
1016 1529 1202 1620 ejusmodi
1219 1524 1509 1600 Matrimonium
1525 1523 1628 1595 haud

334 1617 508 1695 validum
526 1625 769 1717 nabendum,
784 1629 855 1704 nisi
866 1646 983 1726 rapta
995 1627 1194 1727 a'raptor'e
1209 1623 1408 1724 separata,
1424 1628 1462 1699 el
1481 1622 1520 1698 iu
1538 1623 1626 1698 loco

332 1729 439 1812 tuto,
455 1746 502 1798 ac
519 1725 642 1804 libero
659 1732 886 1819 constituta,
902 1735 1129 1809 consentiat.
1143 1732 1241 1806 Tum
1256 1728 1348 1806 thiat
1367 1727 1626 1804 excommuni-

333 1824 437 1898 catio
455 1826 540 1922 ipso
557 1831 659 1906 facto
678 1833 936 1925 incurrenda,
957 1835 1115 1935 aliaeque
1133 1858 1258 1932 poenae
1277 1835 1313 1907 in
1335 1846 1533 1928 raptores,
1556 1831 1628 1903 eis·

331 1922 499 2024 demque
515 1935 744 2028 consilium,
770 1938 982 2029 auxilium,
1010 1956 1076 2014 aut
1100 1938 1273 2014 savorem
1295 1933 1507 2041 praebentes
1524 1926 1627 2008 infli-

331 2043 488 2122 gunturt
565 2054 591 2069 ’·
793 2068 796 2075 ·
1007 2061 1012 2068 “

332 2164 334 2171 ·
492 2133 556 2209 De
583 2138 882 2234 Impedinrentis,
910 2161 991 2236 quae
1024 2141 1271 2241 Matrimonia
1293 2136 1473 2218 dirimunt

446 2252 448 2257 ’
779 2265 828 2318 ea
848 2243 1003 2337 defecta
1024 2257 1185 2320 naturae.

336 2439 339 2447 '
385 2436 521 2517 XXIV.
549 2442 744 2537 Ejusmodi
775 2447 1051 2544 impedimenta
1078 2449 1155 2524 duo
1190 2448 1382 2545 praecipua
1407 2446 1523 2538 'suut3
1551 2445 1625 2524 sci·

262 2588 264 2593 -
330 2531 426 2615 licet
445 2541 629 2637 Defectus
646 2550 809 2637 ceratis,
833 2567 872 2624 et
889 2544 1129 2645 [inpotentia.
1153 2549 1212 2626 Ex
1234 2552 1385 2625 deiectu
1410 2553 1545 2623 ceratis
1572 2553 1626 2624 ἰπὶ·
1657 2582 1663 2591 ·

332 2640 407 2716 rita
421 2666 625 2723 censentur
646 2652 896 2727 Matrimonia
931 2651 1204 2749 impuberum:
1238 2651 1335 2747 cap.
1370 2674 1416 2727 ιο
1446 2651 1490 2725 de
1522 2651 1634 2730 Des'x

328 2760 436 2837 pons,
457 2750 589 2845 impub.
604 2753 688 2827 nisi
707 2756 872 2855 proximi
887 2753 1119 2850 pubertati,
1147 2772 1186 2830 et
1207 2755 1320 2829 simul
1344 2753 1407 2828 ob
1425 2759 1625 2852 praema'tu'·

332 2855 418 2922 ram
450 2855 639 2949 corporis
657 2857 924 2933 habitudinem
953 2858 1004 2932 ad
1039 2859 1212 2933 naturale
1242 2857 1527 2956 generationis,
1562 2853 1626 2931 vel

332 2956 597 3049 conceptionis
613 2980 708 3053 opus
742 2961 824 3054 apti
854 2962 954 3034 sint:
980 2960 1073 3056 Cap.
1094 2968 1143 3060 3¹,
1176 2984 1227 3058 9,
1251 2975 1289 3034 et
1334 2982 1381 3053 14
1397 2953 1490 3034 'aad
1509 2956 1626 3052 Cujus

333 3054 391 3126 rei
408 3057 596 3151 judicium
623 3060 816 3158 Episcopo
843 3064 1062 3137 dioecesano
1085 3064 1263 3160 relinquit
1285 3061 1512 3137 Benedictus
1533 3060 1624 3136 XlV

335 3152 377 3269 iu
408 3157 573 3236 Constit.
606 3182 650 3255 51
687 3166 859 3239 Bullarii
882 3163 980 3239 Tom.
1010 3168 1069 3240 ΙΙ.
1100 3166 1259 3240 Senibus
1290 3188 1384 3240 vero
1411 3165 1625 3261 generatim

339 3260 515 3360 indulget·
542 3263 717 3343 Ecclesia
743 3269 991 3364 conjugium,
1028 3283 1209 3364 tanquam
1241 3268 1472 3342 infirmitatis
1502 3288 1628 3341 reme·

339 3360 445 3437 dium
462 3420 474 3454 ,
494 3381 534 3441 et
552 3369 797 3444 humanitatis
814 3371 1019 3444 solatium}
1048 3366 1128 3469 (**)
1152 3370 1313 3467 August.
1339 3370 1381 3445 de
1404 3370 1506 3441 Bono
1528 3367 1626 3441 Con·

330 3461 420 3563 jug,
441 3466 534 3564 Cgo.
551 3469 625 3543 III
635 3525 648 3560 ,
672 3491 711 3547 et
729 3473 925 3570 colligitur
949 3494 997 3547 ex
1017 3470 1110 3549 Can.
1135 3470 1283 3547 rCnur.
1302 3492 1350 3571 27
1370 3471 1422 3570 Q.
1446 3469 1500 3547 ll.
1520 3464 1536 3572 (
1560 3465 1577 3571 )
1607 3529 1610 3536 .

392 3570 512 3645 xxii.
538 3571 789 3666 impotentia,
823 3576 905 3649 sive
936 3574 1156 3648 inhabilitas
1185 3578 1234 3648 ad
1269 3577 1441 3649 naturale
1469 3575 1628 3672 coitum,

339 3689 428 3766 quae'
439 3674 730 3750 Matrimonium
745 3694 918 3766 anteeat,
936 3678 1052 3751 modo
1070 3691 1251 3773 perpetua
1266 3679 1333 3765 sit,
1350 3678 1441 3750 iicet
1458 3699 1503 3749 ex
1519 3677 1629 3749 unius

329 3770 527 3852 duntaxat
553 3779 724 3876 conjugis
748 3795 881 3876 parte:
910 3780 1204 3853 Matrimonium
1227 3780 1371 3854 nullum
1404 3779 1522 3852 sacit:
1549 3775 1628 3851 Cd-

338 3896 418 3949 noti.
434 3898 535 3970 11¹1,
556 3898 668 3971 xvir,
689 3896 728 3957 et
743 3902 826 3955 m
837 3880 950 3956 Gaas.
968 3886 1017 3981 27
1035 3881 1087 3978 Q.
1105 3880 1162 3957 ll.
1186 3882 1268 3979 gAt
1285 3880 1401 3977 quid,
1419 3881 1448 3953 si
1468 3876 1626 3953 dubium
1704 3955 1707 3961 ,

339 3977 389 4052 sit
402 4011 424 4070 ,·
444 4006 535 4060 num
552 3985 780 4083 impotentia
801 3984 1092 4082 Matrimonium
1116 3983 1340 4081 praecedens'
1363 3999 1544 4079 perpetua
1565 3981 1627 4074 sit,

328 4099 393 4154 an·
410 4088 662 4184 temporalis?
675 4085 761 4162 ¹hoc
785 4110 876 4163 sane
892 4110 982 4162 casu
1003 4085 1298 4165 Matrimonium
1317 4086 1412 4161 inire
1439 4085 1542 4160 nefas
1557 4099 1627 4160 est:

332 4194 382 4256 at
403 4185 469 4262 ubi
489 4195 572 4282 jam
591 4202 831 4265 contractum
856 4190 930 4277 sit,
956 4188 1429 4284 trienniumgexperientiae
1456 4188 1627 4284 conjugi·

341 4280 412 4363 bus
430 4294 681 4381 conceditur,
709 4307 751 4367 ut
776 4290 961 4367 adhibitis
990 4290 1127 4367 mediis
1148 4289 1415 4389 possibilibus,
1443 4313 1488 4365 ac
1514 4287 1628 4363 licitis

341 4389 608 4490 impotentiam
628 4395 775 4471 auferre
797 4410 1006 4469 conentur:
1034 4389 1109 4493 quo
1126 4394 1257 4489 elapso
1282 4392 1475 4483 triennio,
1498 4406 1536 4466 et
1553 4391 1629 4467 im*-

277 4563 309 4588 .,
341 4500 513 4592 potentia
541 4501 686 4576 adhuc·
695 4498 950 4597 persistente,
976 4497 1271 4673 Matrimffinium
1295 4492 1544 4585 dissolvitur,
1570 4509 1630 4568 at·

374 4617 379 4656 ·-
677 4654 682 4662 -
1185 4619 1208 4676 a
1560 4614 1636 4693 quc
