4034 5275
452 508 524 589 180
772 506 1057 583 Institutionum
1073 503 1340 585 Canonioaram

415 601 632 684 oblationis
653 608 907 706 primitiarum
928 615 1029 686 hanc
1051 611 1174 687 adfert
1205 612 1413 687 rationem:
1435 605 1530 687 Sais
1551 607 1731 712 discipu»

414 710 467 784 lis
500 704 593 786 dans
610 714 798 790 consilium
815 715 993 790 Christos
1011 770 1023 803 ,
1050 717 1244 810 primitias
1260 711 1340 790 Deo
1367 710 1524 807 offerre,
1541 740 1608 790 aon
1624 741 1710 813 qua·

412 816 449 886 si
481 814 695 913 indigenti,
727 819 793 892 sed
816 833 857 892 ut
891 819 966 913 ipsi
996 841 1060 892 nec
1087 815 1316 912 infractosi,
1347 839 1410 890 net
1440 822 1586 914 ingrati
1615 826 1707 896 sint.

413 915 465 989 Et
481 916 575 993 ibid.
590 940 675 1016 cap.
692 941 760 1018 34:
785 918 932 1015 Offeme
963 922 1085 1017 igitar
1116 935 1283 1015 oportere
1302 917 1384 994 Deo
1409 923 1605 1015 primitias
1628 925 1707 1024 ejas

416 1035 614 1097 creatura.
1709 1040 1712 1046 ’

331 1192 337 1198 .
394 1124 396 1129 ’
463 1122 637 1198 XXVlll.
664 1125 782 1200 Porro
819 1147 896 1202 non
929 1124 1045 1201 modo
1077 1127 1125 1201 ad
1158 1124 1442 1224 agnoscendum
1470 1125 1710 1222 Creatorem,

332 1303 334 1306 Υ
411 1245 542 1300 verum
580 1243 619 1299 et
650 1229 700 1303 ad
719 1229 982 1304 Ministrorum
1018 1231 1147 1304 altaris
1178 1231 1490 1304 sustentationem
1519 1230 1710 1325 primitias

409 1325 522 1402 fuisse
554 1327 722 1421 oblatas,
752 1333 841 1406 inde
868 1331 999 1430 colligi
1034 1355 1143 1430 posse
1166 1333 1346 1422 videtur,
1375 1332 1477 1428 quod
1494 1331 1533 1404 in
1551 1332 1719 1429 Synodo.

408 1425 627 1528 Gangrensi
660 1436 830 1510 haeretici
848 1435 1088 1511 Eustathiani
1109 1451 1343 1533 arguantur,
1374 1436 1515 1532 quippe
1549 1437 1613 1531 qui
1639 1438 1711 1532 pri·

407 1533 535 1607 mitias
570 1535 759 1610 fructuum
788 1561 835 1611 ex
863 1555 1036 1614 veterum
1055 1539 1289 1612 institutione
1306 1535 1489 1611 Ecclesiis
1506 1535 1624 1611 tribui
1645 1540 1719 1612 so·'

408 1633 495 1709 litas
528 1634 600 1711 sibi
634 1639 945 1731 vindicaverint,
967 1658 1006 1716 et
1035 1658 1216 1738 tanquam
1240 1641 1388 1727 ,sanctis
1405 1637 1478 1712 sibi
1497 1661 1560 1714 eas
1577 1639 1722 1721 offerri

410 1735 552 1812 debere
586 1741 845 1830 crediderint,
876 1744 979 1839 apud
1011 1766 1080 1834 se,
1117 1759 1155 1817 et
1201 1743 1301 1819 inter
1338 1764 1378 1817 se
1422 1741 1707 1836 dispensandas

409 1837 543 1933 Epist.
579 1841 720 1932 Synod.
757 1845 857 1940 apud
885 1846 1153 1919 Balsamonem.
1189 1846 1307 1920 Porro
1344 1867 1391 1919 ex
1429 1844 1511 1918 uvis
1557 1846 1708 1938 potissi·

409 1961 546 2034 mum,
574 1961 612 2018 et
647 1945 845 2020 frumentis
876 1949 1064 2042 primitias
1084 1948 1177 2022 suise
1206 1947 1355 2024 oblatas
1373 1961 1543 2036 constat,
1562 1963 1707 2022 rumex

410 2042 570 2120 Conone
590 2049 755 2145 quodam
770 2050 954 2132 Africano
969 2051 1069 2126 Cod.
1085 2050 1205 2149 Afric.
1221 2051 1314 2126 Can.
1330 2068 1535 2138 aaaron,
1556 2072 1632 2146 quo
1649 2043 1714 2126 de?

410 2150 599 2235 cernitur:
630 2149 715 2243 Neo
745 2152 902 2248 amplias
930 2157 969 2225 in
989 2156 1178 2249 primitiis
1198 2150 1404 2246 offeratur,
1426 2173 1531 2246 quam
1549 2154 1593 2224 de
1610 2156 1707 2243 nois,

411 2263 451 2322 et
476 2250 718 2345 frumentis,
740 2269 820 2341 tum
858 2277 905 2329 cx
933 2257 1211 2344 NazianzenO,
1241 2256 1305 2352 qui
1335 2253 1464 2346 Epist.
1495 2253 1543 2324 80
1574 2275 1709 2328 earun-

410 2351 501 2426 dem
533 2354 719 2429 meminit.
743 2357 909 2432 Demum
933 2359 981 2430 ad
996 2359 1130 2431 Altare
1157 2357 1269 2429 fuisse
1286 2353 1435 2429 oblatas
1452 2375 1499 2426 ex
1517 2376 1564 2427 eo
1580 2357 1709 2431 evinci

408 2470 561 2550 potest,
590 2459 692 2556 quod
716 2457 861 2535 Auctor
879 2459 1013 2537 Const'.
1028 2460 1162 2557 Apost.
1192 2456 1281 2534 Lib.
1298 2454 1433 2532 VIII
1446 2475 1528 2549 sap.
1545 2478 1594 2547 40
1627 2458 1708 2532 for·

351 2647 353 2651 Ι
408 2559 554 2635 mulam
589 2562 772 2659 precandi
807 2564 1005 2662 proferat,
1047 2563 1110 2639 cui
1148 2589 1249 2647 annno
1288 2560 1425 2633 titulos
1465 2559 1708 2655 adscribitur,

409 2676 551 2744 {minstret
568 2686 609 2742 tnl
627 2689 764 2759 drappis
779 2668 990 2761 imploratio
1008 2686 1118 2762 super
1138 2663 1346 2762 primitias·
1377 2757 1381 2766 Ι

382 2823 384 2828 .
460 2773 593 2855 XXIX.
622 2771 708 2869 Jam
746 2792 839 2861 vero
873 2768 1038 2865 sequaris
1058 2767 1310 2867 temporibus
1347 2765 1705 2841 indesuetudinem

407 2868 672 2968 abiere31vixss
696 2872 796 2948 enim
815 2874 896 2964 jam
929 2870 1019 2943 inde
1038 2868 1062 2964 a
1078 2870 1216 2943 saeculo
1245 2893 1271 2943 v
1299 2868 1507 2940 earundem
1536 2869 1705 2945 occurrit

407 2978 580 3060 mentio:
608 2975 875 3051 tantummodo
899 2973 1054 3047 sancitae
1083 2972 1323 3068 reperiuntur
1351 2972 1389 3043 in
1407 2968 1582 3045 Concilio
1609 2994 1706 3067 qu07

404 3078 495 3151 dam
514 3080 685 3175 Hispano
716 3077 816 3171 apud
837 3078 994 3150 leonem
1013 3074 1291 3150 Carnotensem
1318 3073 1355 3145 in
1375 3073 1542 3147 Decreti.
1561 3072 1610 3145 P.
1625 3071 1653 3144 I
1654 3072 1709 3150 II

408 3199 491 3276 cap.
527 3201 614 3282 174.
656 3178 837 3258 Ceterum
872 3176 939 3253 ubi
974 3179 1105 3253 adhuc
1141 3176 1368 3263 obtineant,
1408 3175 1630 3270 quomodo,
1666 3171 1706 3251 et

407 3283 544 3384 quibus
573 3308 620 3359 ex
650 3281 763 3376 rebus
793 3282 1019 3379 praestandae
1054 3281 1155 3370 sint,
1188 3279 1343 3376 propria
1372 3282 1624 3375 cujuscunque
1650 3277 1705 3352 lo'·

410 3389 448 3463 ci
473 3381 709 3480 consuetudo
730 3384 981 3482 prescribat,
1015 3398 1057 3457 ut
1086 3384 1201 3458 docet
1214 3379 1400 3457 Ostiensis
1419 3382 1466 3453 ad
1485 3377 1577 3474 Cap.
1601 3403 1615 3452 ι
1635 3378 1702 3456 boc

408 3494 477 3565 tit.
507 3489 588 3592 (**)
611 3489 863 3585 lnHispania
892 3486 1082 3583 primitias
1116 3489 1196 3577 jam
1223 3485 1288 3557 diu
1318 3484 1481 3579 viguisse
1516 3483 1703 3574 novimus

371 3594 477 3680 [eas-
503 3593 644 3690 quippe
661 3593 880 3687 Alphonsns
900 3587 1104 3684 Aragoniae
1121 3588 1206 3684 Rex
1234 3586 1273 3660 in
1290 3599 1396 3688 -voto
1411 3560 1517 3658 beo'
1528 3584 1629 3659 sacto
1661 3588 1700 3659 in

406 3699 596 3771 honorem
614 3689 1072 3770 Ecclesia-valentinas
1087 3687 1309 3785 Capellanis
1335 3710 1406 3784 pro
1437 3685 1605 3783 ipsoium
1626 3710 1701 3762 sus·

404 3801 648 3887 tentatione,
676 3813 714 3872 et
730 3796 912 3872 Ecclesiae
946 3791 1091 3868 fabrica
1123 3792 1389 3888 percipiendas
1422 3791 1608 3865 concessit
1638 3815 1701 3866 an·

408 3927 459 3976 no
484 3924 596 3996 1241.
625 3901 842 3976 Eorundem
874 3902 981 3969 usum
1015 3896 1211 3970 inductum
1231 3897 1311 3985 jam
1335 3894 1515 3989 supponit
1536 3892 1700 3967 Roderi-

405 4029 470 4079 cus
488 4006 630 4078 Tellius
665 4004 702 4076 in
725 4004 815 4101 Syn.
830 4001 1039 4075 Tarracon.
1064 4011 1150 4095 post
1183 4019 1246 4071 an.
1267 4016 1360 4093 1291
1399 3997 1437 4067 in
1456 3994 1624 4094 Compil.
1642 3998 1700 4094 Jo.

332 4166 335 4169 ι
404 4108 523 4182 Teres
549 4106 639 4181 Lib.
660 4106 687 4196 I
692 4109 717 4181 I
722 4105 748 4178 I
776 4104 855 4180 Tit.
872 4093 1048 4177 XVIII
1072 4118 1154 4195 cap.
1170 4120 1219 4193 2,
1250 4086 1288 4172 ei
1304 4098 1522 4194 Alphonsns
1544 4097 1716 4195 Sapiens(

402 4210 626 4298 confirmat,
643 4233 689 4284 ac
707 4208 729 4283 a
748 4208 867 4283 veteri
883 4208 968 4303 lege
985 4206 1319 4308 deductumputat
1336 4205 1428 4297 Lag.
1445 4201 1488 4290 I,
1505 4215 1542 4274 et
1558 4201 1611 4274 tt
1618 4201 1697 4278 Tit.
1747 4278 1752 4286 ,

405 4316 448 4387 X
451 4314 521 4389 III
546 4313 654 4388 Part.
674 4311 701 4384 I
714 4338 725 4404 3
749 4313 885 4386 >immo
916 4309 965 4383 ad
997 4310 1098 4404 ipsas
1127 4307 1359 4381 exolvendas
1386 4304 1556 4384 censuris
1588 4326 1696 4401 posse

397 4416 536 4491 -fideles
560 4414 741 4513 compelli
757 4412 928 4489 decernit
942 4411 1037 4507 Leg.
1051 4408 1100 4483 V
1116 4408 1193 4485 eod.
1224 4408 1285 4482 Ad
1304 4420 1433 4505 nostra
1450 4424 1578 4481 tamen
1602 4402 1695 4481 tem·

386 4542 494 4615 pora
525 4536 710 4620 quantum
737 4531 885 4618 spectat
901 4571 915 4609 ,
930 4513 1145 4609 Primitiae,
1175 4510 1298 4594 altera
1324 4510 1471 4623 scilicet
1495 4529 1543 4585 ex
1554 4510 1698 4610 *tuigin-

1650 4626 1688 4690 ta
