4034 5275
726 474 842 553 Liber
871 481 928 555 ΙΙ
956 477 1102 556 Titulus
1127 476 1223 556 XV
1541 500 1611 576 151

346 707 464 785 quam
495 707 681 773 monere,
712 685 931 784 corrigere,
961 703 999 758 et
1029 687 1068 758 in
1091 684 1373 782 incorrigibiles
1396 625 1644 764 animadvers

345 801 433 863 tere
462 803 611 887 potest:
640 786 810 883 perbelle
842 788 1060 884 Alphonsus
1087 787 1245 883 Sapiens
1266 793 1360 885 Leg.
1385 792 1434 864 II
1452 788 1530 863 Tit.
1554 788 1649 864 XII

341 888 468 977 Part.
488 889 521 963 I.
548 886 682 991 (*)'De
705 895 778 965 hoc
801 894 930 987 capite
947 891 1037 964 satis
1059 909 1186 964 actum
1211 907 1269 966 est
1286 890 1373 965 Lib.
1397 890 1423 963 I
1442 889 1522 966 Tit.
1544 889 1642 982 XV,

339 1006 387 1087 es
411 997 483 1068 ult.
500 994 587 1068 Duo
610 994 674 1066 hic
700 993 966 1067 tantummodo
987 990 1271 1068 subnectenda:
1299 1017 1314 1066 1
1336 989 1536 1068 Urbanum
1555 993 1646 1069 Vlil
1713 993 1717 1000 ’

338 1091 516 1183 Consrir.
552 1093 704 1170 XLIII
729 1101 761 1183 §.
792 1118 841 1189 14
867 1094 1050 1191 Episcopi
1083 1111 1272 1190 potestate
1305 1094 1475 1190 subjecta
1507 1096 1642 1171 decla·

339 1209 454 1273 'rasse
477 1197 714 1272 Monasteria
731 1199 860 1272 omnia
885 1200 933 1272 de
957 1222 1060 1273 novo
1087 1197 1297 1295 erigenda,
1320 1199 1359 1272 in
1383 1198 1519 1296 quibus
1542 1201 1639 1274 duo-

341 1299 483 1375 decim
515 1302 651 1375 saltem
683 1300 850 1396 religiosi
881 1324 957 1376 non
983 1315 1133 1375 essent:
1165 1303 1298 1376 adhaec
1329 1316 1368 1375 et
1399 1325 1446 1375 ex
1473 1301 1641 1379 Constit.

338 1403 550 1477 Innocent.
572 1405 738 1502 X,·quae
760 1404 918 1500 incipit:
944 1406 999 1476 Ut
1023 1407 1062 1476 in
1081 1398 1246 1498 paruis,
1266 1403 1460 1500 Episcopo
1485 1406 1643 1500 plenum

333 1505 407 1599 jus
427 1527 508 1579 esse
531 1506 570 1579 in
594 1502 816 1580 Conventus
841 1527 1087 1602 suppressos,
1114 1522 1152 1584 et
1184 1508 1323 1604 deinde
1350 1507 1571 1594 restitutos,
1602 1509 1643 1579 in

340 1604 487 1704 quibus
524 1608 626 1704 idem
664 1609 916 1682 duodenarius
954 1609 1219 1707 religiosorum
1253 1631 1431 1683 numerus
1465 1630 1542 1682 non
1577 1610 1640 1698 sit,

342 1723 435 1782 tum
465 1725 505 1785 et
535 1711 573 1784 in
605 1734 796 1810 nunquam
828 1732 1076 1830 suppressos,
1112 1712 1149 1784 in
1186 1709 1321 1810 quibus
1356 1734 1422 1786 sex
1461 1712 1648 1787 duntaxat

346 1810 542 1910 Religinsi
571 1836 647 1887 non
682 1817 838 1912 degant.
870 1815 930 1888 De
961 1815 1089 1909 paruis
1123 1816 1228 1890 hisce
1260 1812 1460 1890 Coenobiis
1492 1830 1646 1888 exstant

346 1913 430 1987 duo
454 1914 716 2011 Capitularia:
745 1917 907 1990 alterum
939 1915 1071 1991 Caroli
1096 1918 1152 1990 M.
1184 1941 1247 1992 an.
1277 1920 1391 2035 784,
1409 1940 1484 2014 quo
1512 1919 1646 1991 decer-

338 2015 486 2108 nitur,
517 2034 559 2092 ut
586 2016 635 2091 ab
667 2017 867 2114 Episcopis
897 2019 1209 2114 supprimantur
1239 2036 1353 2116 atque
1381 2021 1419 2091 in
1454 2040 1529 2097 uno
1558 2014 1671 2094 loci>⁴

351 2117 542 2193 Monachi
565 2120 677 2193 simul
701 2135 1008 2240 congregentur,
1030 2142 1104 2217 quo
1128 2119 1376 2194 observandae
1403 2121 1567 2194 strictius
1584 2142 1647 2196 re·
1653 2210 1655 2215 Ι

357 2222 457 2317 gulae
477 2221 680 2297 habeant
669 2223 972 2296 incitamentum.
997 2223 1169 2301 Alterum
1193 2223 1379 2298 Ludovici
1402 2222 1457 2294 Pii
1484 2246 1546 2297 an.
1571 2198 1649 2322 8ι7

351 2321 492 2417 jubet,
520 2340 561 2398 ut
585 2326 622 2398 in
652 2325 885 2400 Priotatibus
903 2325 976 2399 sint
997 2325 1131 2400 saltem
1155 2349 1221 2398 sex
1238 2326 1435 2401 Monachi.
1453 2327 1552 2400 Huic
1568 2325 1648 2400 Ca·

352 2425 512 2519 pitulari
530 2447 713 2501 consonat
735 2425 828 2522 Cap.
840 2426 909 2521 fin.
926 2429 969 2503 de
989 2427 1137 2521 Capell
1124 2450 1158 2501 rs
1177 2427 1469 2515 Menotharum,
1495 2453 1575 2524 quae
1593 2431 1645 2502 de

355 2525 592 2603 Prioratibus
616 2529 710 2601 illud
739 2530 953 2607 cavendum
979 2529 1234 2623 praecipiunt,
1258 2555 1305 2603 ne
1328 2530 1545 2604 Monachi
1534 2553 1574 2602 ιιι
1601 2532 1647 2603 iis

352 2627 531 2707 habitent
559 2631 719 2705 solitarii
749 2622 1090 2705 contrarietatum
1119 2628 1294 2706 Genernl
1265 2633 1324 2705 lrs
1341 2631 1502 2706 Co'rrcil“
1471 2656 1513 2705 ιι.
1541 2631 1644 2709 Ideo·

355 2731 680 2828 praenuntiamus,
703 2736 1058 2830 quatennsipsorum
1081 2731 1284 2824 Abbates,
1308 2758 1370 2808 seu
1395 2735 1595 2824 Priores,
1602 2749 1645 2812 ut

355 2838 463 2911 vei
447 2859 547 2931 ipsos
577 2836 628 2909 ud
648 2838 850 2912 claustrum
881 2854 1079 2924 revocent,
1102 2835 1335 2927 furientes
1320 2860 1359 2910 ιι
1361 2841 1475 2931 ipsis
1506 2839 1643 2914 Eccle-

352 2939 425 3013 siis
456 2939 641 3019 deserviri
664 2941 732 3035 p'er
762 2938 932 3015 Clericus
962 2938 1190 3037 saeculares,
1218 2939 1280 3012 vel
1308 2938 1405 3013 aiios
1435 2938 1645 3016 Monachus

355 3039 491 3114 eisdem
511 3041 727 3131 adsocient,
756 3065 833 3114 ιιιιι
862 3032 991 3137 quibus
1021 3043 1141 3115 vitam
1164 3044 1310 3135 possint
1333 3039 1462 3118 ducere
1492 3044 1643 3139 regula·-

356 3161 459 3232 rem,
487 3146 679 3218 monitione
698 3147 895 3238 praemissa
916 3162 987 3238 per
1010 3166 1198 3220 censuram
1228 3146 1519 3220 ecclesiasticam
1547 3168 1645 3219 com·

351 3243 487 3339 pellas.
511 3242 591 3345 (**)
608 3247 706 3320 Τιιιιι
722 3247 814 3342 Syn.
837 3246 1010 3319 Trident.
1040 3244 1241 3324 Sacrarnm
1268 3246 1471 3342 Virginum
1498 3244 1648 3321 clausu·

355 3367 440 3420 ram
457 3343 507 3421 ab
524 3347 730 3444 ·Episcopis
748 3362 927 3444 tanquam
946 3345 1177 3441 Apostolicae
1196 3345 1302 3420 Sedis
1319 3345 1546 3442 Delegatis
1537 3350 1638 3422 ruvi-

357 3447 544 3557 rendam
574 3453 781 3540 tuendam,
805 3450 1154 3546 restituendamque
1189 3447 1308 3523 voluit
1337 3449 1444 3523 Sese.
1476 3468 1569 3523 mr
1596 3449 1642 3528 de'

355 3506 580 3647 Regularib.
595 3572 678 3646 cup.
699 3574 742 3645 ς,
760 3553 799 3626 id
819 3550 925 3671 qupd
937 3551 1118 3647 deinceps
1134 3549 1297 3646 piuraS.
1316 3550 1396 3625 Rit.
1412 3548 1458 3627 C
1477 3548 1645 3630 Decreta·

355 3672 606 3730 renovarunt.
627 3656 785 3749 insuper
806 3670 845 3729 et
866 3657 903 3729 in
928 3655 1113 3751 Hispania
1137 3650 1642 3756 exConcotdat.an.1737

355 3755 454 3829 Art.
467 3752 535 3825 XI
548 3753 855 3848 Metropolitum,
871 3757 1089 3849 Apostolici
1103 3755 1300 3830 constituti
1317 3772 1416 3829 sunt
1413 3753 1644 3831 Visitatones

354 3857 675 3931 Monasteriorum
686 3857 989 3955 ‚domorumque
1007 3858 1282 3959 Regularium,
1299 3878 1386 3932 cum
1404 3859 1642 3955 necessariis,
1685 3857 1687 3862 ’

355 3974 395 4035 et
409 3959 641 4058 opportunis
647 3957 918 4038 facultatibus.
939 3957 979 4061 (²¹²
980 3956 1001 4062 )

712 4207 719 4232 ι
806 4165 869 4244 De
900 4155 1183 4265 Hospitaiibus.

363 4373 479 4449 :.1v
506 4329 734 4473 Hospitaiia
751 4372 906 4473 proprie
930 4376 1017 4454 loca
1047 4394 1133 4454 sunt
1161 4374 1407 4474 suscipiendis
1430 4374 1643 4474 hospitibus

354 4477 570 4640 destinata,
583 4477 747 4555 Grecis
762 4480 874 4556 dicta
883 4497 1075 4575 ιιιιιιχιι,
1100 4480 1361 4558 xenodochia.
1387 4493 1426 4555 at
1447 4502 1493 4555 eo
1515 4483 1642 4556 nomi·

1587 4602 1636 4655 ne
