4034 5275
296 518 298 523 ·
418 482 492 569 ste·
768 480 1053 581 Institutionum
1064 480 1332 565 Camuloa'rim

421 588 606 667 Parncbis
624 586 732 666 claro
750 612 839 666 once
853 588 1138 665 Matrimonium
1153 586 1434 668 contrahendum
1445 586 1712 688 proclametur,

417 709 457 770 et
503 697 647 769 nomina
686 693 979 769 denuntiatorum
1019 696 1059 766 in
1096 693 1227 769 valvis
1256 691 1440 768 Ecclesia
1477 693 1737 795 adfiguntur.·'

414 797 451 873 11
465 797 560 896 Syn.
575 797 690 871 Prov.
704 797 829 892 Neap.
848 794 927 871 l'it.
942 795 969 869 I
972 798 998 871 i
1001 798 1028 871 1
1043 815 1167 893 cap.9
1188 796 1504 873 Denuntiationes
1532 800 1709 894 quandos-

414 923 487 1000 que
520 899 701 975 convenit
729 899 932 974 omittere:
966 898 1136 997 idquod
1153 896 1353 978 Ordinarli
1382 898 1617 995 prudentiae,
1641 922 1708 989 at»

414 1000 603 1101 bitrioque
637 1001 892 1101 relinquitur:
918 1001 1010 1100 Syn.
1018 1001 1128 1082 Trid.
1141 999 1236 1077 ibid.
1249 999 1332 1104 (ut)
1340 1000 1476 1077 Eorum
1491 1004 1584 1076 enim
1598 1057 1622 1093 „
1642 1007 1707 1101 qui

415 1106 697 1180 Matrimonium
712 1108 931 1183 contrahere
946 1106 1103 1194 uolunt,
1132 1104 1449 1195 denuntiationes,
1480 1128 1549 1179 non
1562 1107 1601 1178 in
1617 1106 1706 1181 ulte·

412 1212 495 1282 rius
520 1222 691 1297 tantum,
720 1208 787 1284 sed
805 1215 842 1284 iu
864 1209 1054 1304 utriusque
1069 1206 1409 1304 Parochiis'fiant‚
1439 1210 1476 1281 in
1495 1206 1628 1302 quibus
1643 1209 1709 1282 vel

412 1313 498 1385 nati
528 1325 644 1400 sunt,
673 1312 736 1386 vel
764 1311 973 1387 diuturnum
1000 1310 1221 1387 domicilium
1238 1312 1529 1401 constituerunt3
1545 1325 1584 1383 et
1602 1319 1705 1387 omni·

412 1436 457 1488 uo
489 1412 553 1489 ubi
581 1436 699 1493 corum
724 1415 917 1504 conditio,
945 1428 984 1487 et
1007 1426 1259 1489 mutarerunt
1277 1416 1452 1487 notiores.
1471 1412 1705 1495 Eassstnmen

408 1515 581 1611 publicas
597 1513 932 1606 Denuntiationes,
955 1517 1018 1592 nel
1034 1512 1190 1612 differre
1203 1570 1216 1607 ,
1230 1516 1300 1590 ,vei
1309 1519 1479 1588 omittere
1498 1512 1592 1587 nulii
1609 1516 1704 1593 Par·⁴

413 1620 523 1695 rocio
554 1621 696 1709 liceat,
736 1623 809 1694 nisi
842 1643 889 1694 esc
925 1618 1041 1693 solius
1072 1619 1278 1714 Episcopi,
1307 1643 1374 1693 non
1404 1630 1526 1691 autem
1538 1615 1702 1693 Vicarii

411 1725 525 1796 etiam
547 1722 743 1796 Generalis
777 1725 1032 1797 auctoritate:
1063 1720 1343 1816 SymProuinc.
1359 1720 1485 1801 Tolet.
1516 1741 1580 1793 an.
1604 1722 1701 1814 1582

410 1822 506 1898 Act.
524 1825 549 1897 I
551 1823 578 1899 Ι
579 1824 604 1898 I
615 1823 770 1899 Decret.
794 1846 843 1924 47
865 1824 958 1899 alias
981 1825 1044 1917 48.
1071 1822 1196 1898 Hodie
1234 1840 1363 1896 tamen
1405 1823 1521 1896 solius
1552 1822 1704 1900 Vicarii

411 1920 612 2003 Generalis
640 1927 892 2018 auctoritate,
922 1927 985 2001 vel
1016 1946 1180 2019 omnes,
1212 1927 1276 2017 vel
1305 1947 1437 2001 earum
1461 1925 1599 2023 aliquae
1620 1928 1704 2003 De*

411 2029 669 2108 nuntiationes
704 2024 1030 2130 dispensanturd*
1068 2084 1074 2095 -.
1339 2088 1342 2093 .
1443 2092 1446 2097 .
1502 2054 1505 2059 ·

460 2134 559 2210 xxl
586 2133 639 2209 Ut
663 2132 988 2223 dubitationibus,
1010 2156 1093 2232 quae
1108 2153 1155 2207 ex
1171 2131 1358 2213 domicilii
1383 2130 1597 2207 mutatione
1614 2128 1708 2208 suh·-

411 2234 506 2307 oriri
531 2236 684 2326 solent,
717 2239 962 2324 consulatur,
994 2237 1033 2308 in
1056 2236 1191 2309 eadem
1212 2236 1385 2315 Pnroecia
1407 2250 1484 2311 tres
1510 2236 1704 2330 ejusmodi

411 2334 737 2411 Proclamationes
768 2361 817 2412 ne
847 2339 970 2427 fiant,
999 2337 1075 2411 'nisi
1104 2351 1291 2435 uterque,
1319 2338 1382 2411 vel
1397 2342 1509 2421 ,alter
1541 2360 1704 2434 sponsus

407 2437 545 2515 saltem
563 2455 723 2537 quatuor
740 2456 829 2515 anre
847 2440 1037 2515 mensibus
1055 2438 1107 2513 ibi
1126 2439 1362 2514 domicilium
1376 2441 1591 2531 collocarit;
1608 2439 1701 2514 bre·

410 2539 509 2617 vinti
526 2557 652 2619 autem
670 2544 802 2640 elapso
821 2559 995 2641 tempore
1011 2566 1086 2618 una
1103 2545 1257 2642 quidem
1277 2544 1314 2617 in
1332 2564 1405 2631 em,
1424 2543 1478 2616 ad
1508 2546 1624 2640 quam
1639 2548 1704 2617 ici

407 2666 500 2727 cens
529 2647 849 2746 commigraturum
874 2650 957 2722 dua
985 2648 1165 2745 reliquae,
1195 2647 1588 2745 undediscesserunt,
1605 2651 1710 2742 pen-s

409 2748 1125 2847 agantur:llSyn.Prov.Neap.ibid.
1161 2777 1172 2808 ·-
1342 2805 1346 2814 .
1467 2785 1485 2802 ··
1519 2771 1522 2776 ·
1600 2773 1632 2818 a

460 2853 577 2929 Xxll
605 2853 692 2927 Post
707 2855 882 2931 ultimum
899 2853 1362 2930 Denuntiatinnumdiem'
1374 2850 1423 2926 de
1436 2847 1592 2944 diebus,
1608 2851 1713 2952 qui--

408 2946 480 3028 bus
504 2956 564 3030 lue
584 2955 694 3036 sactae
726 2970 838 3047 sunt,
858 2971 1013 3032 tumet
1044 2956 1094 3029 de
1114 2953 1356 3045 nominibus,
1383 2954 1711 3052 cognominibus,
1751 3035 1754 3042 ,

408 3056 561 3151 patria,
590 3072 630 3133 et
654 3061 887 3135 contrahere
908 3059 1077 3135 volentia
1283 3058 1347 3147 ia,
1373 3059 1497 3152 deque
1526 3057 1714 3156 impedi·-

407 3161 577 3250 mentis,
609 3157 641 3236 si
670 3184 753 3260 qum
774 3162 913 3238 suerint
926 3157 1136 3259 opposita,
1164 3160 1286 3236 Paron
1400 3164 1493 3236 dem.
1503 3157 1642 3239 faciat.·
1655 3160 1699 3237 Si

405 3280 500 3343 veto
522 3280 607 3364 post
625 3265 941 3343 Denuntiationes
961 3265 1081 3342 istro:
1091 3263 1274 3344 bimestre
1295 3278 1445 3359 tempus
1457 3283 1534 3337 nec
1552 3264 1633 3360 ipse
1653 3269 1716 3340 ut'·

406 3365 523 3443 fidem
548 3369 663 3445 iaciat
692 3370 804 3461 fuerit
835 3387 988 3468 rogatus
1003 3423 1015 3461 ‚
1032 3391 1117 3443 -nec
1135 3366 1443 3450 Matrimonium·
1458 3362 1717 3452 celebratum·

406 3468 539 3558 merit,
554 3472 867 3548 Denuntiationes
881 3475 1006 3547 denuo
1018 3472 1132 3559 fiant,
1149 3470 1222 3558 nisi
1235 3470 1351 3545 aliter
1361 3465 1590 3602 ordinarius
1606 3490 1698 3545 cen·

407 3571 539 3645 suerit:
555 3575 724 3671 Utraque
741 3575 832 3672 Syn.
849 3577 1031 3651 Provinc.
1045 3574 1173 3665 Neap.
1187 3570 1282 3646 ibid.
1708 3667 1714 3674 ,

457 3676 594 3752 XXlll
617 3676 762 3751 Unicus
777 3678 1123 3760 Proclamationnm
1141 3688 1239 3750 sunnis
1250 3676 1342 3773 finis
1358 3673 1423 3749 ille
1436 3682 1523 3762 est,
1545 3671 1699 3764 scilicet
1757 3715 1761 3736 ι

406 3790 446 3851 ut
473 3780 772 3878 impedimenta,
797 3781 829 3854 si
853 3799 1087 3880 quae-revera
1109 3781 1206 3872 sint,
1230 3781 1477 3877 detegantur3
1493 3796 1566 3875 qua
1583 3777 1696 3854 nene

404 3885 574 3976 graviter
603 3886 812 3958 mouendus
834 3900 890 3957 est
924 3885 1114 3979 populus,
1146 3898 1188 3956 ut
1220 3881 1286 3954 illa
1304 3882 1493 3963 Perochn,
1515 3877 1696 3955 vel-ordi·
1711 3897 1720 3940 '-

403 3988 510 4059 ontio
528 3987 768 4061 manifestare
786 3981 865 4060 non'
879 3993 1032 4077 renuat,
1049 3982 1325 4088 (*l‘).quatenus
1336 3979 1592 4082 gravissimis,
1606 3983 1692 4081 qute

404 4106 452 4158 ex
474 4086 833 4185 impedimentorum
863 4089 1063 4164 reticentia
1094 4102 1298 4184 sequuntur
1330 4088 1500 4173 damna,
1529 4105 1695 4184 gravem

365 4201 369 4208 '
403 4208 566 4286 arguunt
581 4191 644 4265 iila
659 4190 865 4280 detegendi
876 4184 1231 4291 obligationem.(*)
1261 4188 1394 4262 Poenas
1421 4191 1462 4261 in
1489 4209 1558 4261 sua
1575 4185 1692 4260 meua

404 4294 482 4363 cesi
494 4299 724 4368 ,constitutas
738 4350 760 4385 ‚.
770 4309 836 4367 aut
853 4290 1129 4369 constituendas
1142 4296 1317 4368 ,incurrat
1333 4292 1597 4385 quisquis,.aut
1604 4288 1693 4382 fal·

404 4414 482 4468 sum
517 4396 801 4490 impedimentum
836 4399 1080 4492 imposuerit,
1104 4410 1178 4473 aut
1200 4416 1325 4471 uerum
1362 4394 1439 4467 sibi
1471 4393 1698 4486 conpertum·

403 4492 627 4579 reticuerit:
657 4501 690 4576 ll
708 4498 800 4599 Syn.
813 4497 993 4586 Ptouiuc.
1010 4500 1137 4598 Neap.
1153 4496 1248 4588 ibid.
1266 4497 1462 4588 Postremo
1495 4489 1692 4675 Perofflus
1722 4579 1743 4604 Ι,

459 4661 462 4666 .
976 4622 979 4627 ·
1643 4616 1692 4671 a..
